1964 3434
148 515 198 570 tto
428 510 649 565 SENECAE

147 633 336 688 nudandarum
347 633 534 687 meretricum.
563 631 934 699 Credirapratarratuucrr·
981 693 982 698 χ

146 706 237 757 uerior
249 703 384 766 horninur,
405 718 486 770 quam
498 701 652 755 iudicante!
672 702 807 765 sitient,
830 702 934 756 etlacta
981 700 982 704 ’

146 783 212 825 ruut
224 773 291 826 iata:
312 780 340 826 et
357 773 471 825 licentia
486 773 607 834 urbium,
628 772 778 838 aliquando
794 772 934 839 disciplina

146 849 285 910 uictuque.
296 857 432 909 nunquam
444 849 545 909 rpoute
556 841 689 894 conridet.
726 843 752 894 8.
764 842 829 894 Noa
839 855 883 894 eat
893 842 935 895 ita·
981 895 982 899 ,

147 927 199 981 que
210 912 283 980 quod
295 911 405 974 credar,
416 927 488 963 nunc
498 912 644 979 plurimum
656 910 767 962 libidini
779 913 934 978 pernissnn
981 964 982 969 ,

146 997 216 1045 erac,
225 982 333 1050 legibue
345 982 495 1032 minimum.
531 980 627 1048 Longe
638 981 712 1033 enirn
725 980 865 1047 frugalior
877 979 937 1032 haec

146 1054 283 1113 iurentur,
294 1066 375 1119 quarn
387 1051 447 1111 illa,
458 1055 510 1113 eat,
521 1066 602 1118 quoru
614 1066 678 1103 reus
689 1050 858 1102 adulterium
869 1049 936 1117 apud

146 1120 251 1174 iudicer
268 1126 395 1188 negaret,
415 1118 521 1172 iudicer
536 1120 607 1188 apud
628 1135 704 1172 reum
727 1121 936 1172 confiterentur:

146 1206 229 1258 quum
240 1197 362 1255 stuprum
375 1189 596 1242 committeretur
606 1193 646 1241 rei
657 1189 936 1241 iudicandaecaurra:

144 1274 226 1326 quom
232 1258 353 1319 Clodiae,
365 1257 462 1310 iirdera
474 1260 550 1311 vitiis
561 1263 700 1326 gratiosus
711 1260 813 1325 quibua
829 1274 937 1319 noceat,

143 1327 341 1380 conciliaturas
356 1335 498 1380 exerceret
510 1329 537 1380 in
549 1329 610 1394 ipra
621 1343 737 1379 caussae
748 1327 882 1380 dictione.
914 1326 937 1379 0.

143 1398 246 1449 Credat
256 1396 309 1449 hoc
321 1396 484 1465 quinquenni
504 1397 558 1459 oui
569 1398 752 1449 damnabatur
763 1414 818 1448 uno
836 1398 939 1450 adulte·

142 1466 201 1530 rio,
221 1466 366 1533 aduolutus
384 1473 426 1519 ert
442 1467 544 1519 multia.
581 1468 667 1519 Omne
688 1474 798 1533 tempor
820 1468 937 1529 elutior,

143 1552 198 1589 nou
218 1552 299 1590 omne
313 1537 434 1588 Catones
452 1535 533 1589 feret.
568 1536 609 1588 Ad
625 1536 768 1589 deteriora
783 1536 883 1588 faciles
897 1552 937 1588 ru·

141 1620 216 1657 muoz
237 1607 303 1673 quia
314 1621 364 1659 nee
376 1605 429 1657 dor
442 1612 544 1672 puteat,
559 1620 712 1658 dracontea
724 1605 837 1658 deesse:
858 1614 885 1658 et
897 1621 936 1658 rer

142 1675 226 1728 etiam
238 1675 299 1742 ipra
308 1676 369 1727 aine
378 1674 457 1735 duce,
467 1678 526 1726 aine
538 1675 639 1727 comite
650 1674 794 1742 procedit:
812 1692 866 1727 non
877 1690 933 1743 pro·

141 1759 206 1796 nuru
229 1743 346 1810 iterent
367 1751 472 1796 tanturn
493 1742 528 1795 ad
545 1744 626 1805 vitia,
647 1743 695 1796 red
711 1760 857 1812 praecepa
891 1744 933 1807 lit,

141 1812 215 1879 quod
232 1814 377 1880 plerunque
391 1812 609 1865 inemendabiler
625 1814 705 1876 iacit,
725 1814 852 1866 omniurn
869 1815 931 1865 alia·

140 1895 201 1932 roro
220 1883 322 1933 artium
340 1888 452 1949 peccata
467 1881 622 1933 artificiboa
640 1884 738 1949 pudori
754 1892 835 1946 aunt,
856 1883 932 1935 olleo·

141 1950 463 2019 duutquodeerrantem:
485 1952 559 2004 ritae
574 1959 688 2018 peccata
708 1953 863 2006 delectant
899 1951 931 2003 to

140 2021 201 2074 Nou
212 2022 316 2089 gaudet
327 2021 438 2088 navigio
450 2021 619 2088 gubernator
629 2037 742 2084 everso,
765 2039 821 2074 non
836 2022 931 2092 gaudet

141 2106 225 2160 aegro
238 2092 360 2144 medicor
371 2091 455 2154 clato,
477 2108 530 2142 non
542 2090 645 2159 gaudet
657 2099 770 2154 orator,
794 2094 819 2144 ri
830 2089 932 2160 patroni

140 2162 293 2228 culpareua
304 2162 413 2215 cecidit:
434 2169 582 2223 utcontra,
603 2162 730 2213 omniboa
743 2164 930 2215 crimenruoat

140 2231 280 2297 voluptati
292 2239 342 2284 ert.
376 2231 511 2284 Laetatur
521 2231 568 2284 ille
580 2229 731 2293 adulterio,
747 2233 778 2284 in
789 2233 863 2301 quod
874 2231 929 2284 irri·
979 2265 982 2287 ς

141 2306 217 2351 tatur
228 2308 271 2352 ert
281 2304 342 2367 ipra
355 2300 531 2353 difficultate:
552 2300 675 2352 laetatur
693 2300 742 2354 ille
759 2300 927 2355 circumteri-

137 2369 237 2434 ptione
248 2369 390 2437 furtoque:
414 2388 465 2424 nec
479 2378 543 2422 unte
559 2370 602 2421 illi
619 2370 716 2437 culpa,
736 2387 823 2438 quarn
839 2371 928 2436 culpat
965 2349 982 2433 ᾗ

139 2436 253 2489 fortuna
271 2438 419 2504 displicuit
455 2439 485 2492 ld
507 2455 590 2506 prora
611 2441 816 2495 conuuetodine
838 2438 928 2494 eiecit
969 2435 974 2440 ’

138 2507 248 2574 Alioqui
265 2517 296 2559 ut
310 2509 394 2570 sciar,
413 2509 527 2562 roboare
542 2509 655 2569 animis,
677 2511 762 2561 etiaur
775 2512 805 2562 in
817 2512 928 2578 peraiuu

138 2575 276 2639 abductio,
286 2578 350 2629 boni
362 2594 479 2639 reorum,
490 2594 540 2631 uec
549 2579 673 2646 ignorari
683 2586 779 2645 turpe,
790 2580 841 2632 red
853 2576 928 2646 negli·
970 2573 982 2619 1

138 2647 182 2712 εἰς
200 2662 295 2728 ornnes
304 2655 422 2766 peccata
433 2647 621 2709 diarirnulaut‚
641 2654 669 2700 et
680 2650 806 2714 quamvis
817 2648 928 2701 feliciter

138 2724 285 2778 uerterunt,

319 2723 396 2768 ructu
413 2717 523 2769 illorum
539 2725 671 2780 utuntur,
692 2717 755 2785 ipaa
769 2719 927 2773 subducunt.

139 2782 180 2836 ll.
198 2787 233 2837 At
248 2788 321 2838 bona
343 2787 512 2840 cooacieutia
529 2785 642 2853 prodire
656 2787 731 2849 vult,
753 2794 783 2840 et
798 2786 925 2856 coarpiri:

136 2852 214 2919 iprae
225 2857 350 2923 nequitia
359 2859 485 2911 tenebras
497 2859 585 2909 timet.
622 2856 776 2925 Eleganter
786 2859 881 2927 itaque
896 2853 926 2909 ab

136 2922 369 2988 lipicurodictum
380 2937 459 2995 puto:
472 2926 592 2989 „l’oteot
603 2928 713 2978 nocenti
726 2927 928 2998 contingerent

131 2989 239 3061 lateat,
262 2994 364 3048 latendi
377 2998 445 3049 tides
458 3013 511 3048 non
523 3000 642 3063 potertf‘
680 2998 734 3048 dot
746 2997 773 3048 si
784 2998 839 3051 lunc
850 2994 928 3051 modn

32 3084 33 3095 ²
126 3065 233 3123 niellus
254 3065 331 3124 hunc
344 3067 577 3141 explicationem
591 3065 696 3118 iudica·
718 3083 847 3121 aeorum:
867 3064 928 3122 ldco
