1942 3360
231 475 518 532 EPISTOLAE.
554 481 596 533 8⁷.
782 476 816 532 ³3

26 596 63 670 gei,
74 603 105 652 st
115 595 238 651 lanistae
250 599 425 666 contingunt:
437 615 503 668 ergo
514 616 568 656 nou
577 608 642 654 sunt
653 602 733 654 bone
751 599 817 652 Fal·

26 675 143 740 μω,
154 667 290 734 inquiunt,
303 669 376 735 quod
388 671 559 737 proponitur.
578 671 684 724 vNumet
697 673 819 737 ingram·

27 733 136 799 thetica,
147 745 177 790 et
188 738 215 789 in
229 745 290 790 erte
300 738 438 803 medendi,
449 749 497 794 out
507 741 685 809 gubernandi,
695 741 819 791 videmus

26 803 96 882 3hons
116 807 285 873 humillimis
301 811 455 880 quibusque
471 813 639 878 contingere.
674 810 728 863 Sed
749 810 822 860 istss

26 886 98 938 partes
109 893 164 928 non
182 883 249 929 sunt
265 879 484 946 niagnitudinem
496 882 581 932 animi
593 878 749 947 professae,
767 892 822 930 non

31 954 193 1015 ¹consurgunt
202 947 232 998 in
243 945 339 1010 altum,
351 965 401 1002 nec
413 949 530 1003 fortuita
539 949 692 1002 fastidiunt.
706 947 745 999 14.
758 946 822 1000 Vir-

36 1017 69 1067 ilis
79 1016 193 1084 qtullit
204 1014 356 1081 hominem,
377 1028 405 1073 et
417 1036 499 1088 supra
514 1036 578 1072 cara
592 1017 758 1072 mortalibus
770 1013 824 1066 col·

26 1079 110 1151 plicet:
124 1100 224 1138 necea
236 1102 304 1153 quac
314 1088 396 1159 bons,
412 1087 465 1142 nec
477 1085 509 1142 es
520 1105 589 1157 quae
599 1090 673 1140 mala
684 1091 826 1143 vocantur,

26 1159 73 1207 'tut
82 1156 162 1222 cupit
174 1157 267 1217 nimis,
287 1165 335 1207 not
346 1162 513 1225 expavescit.
551 1157 692 1222 Chelidon,
708 1169 777 1208 unus
790 1167 824 1205 cx

32 1222 347 1295 Cleopatraemollibus,
368 1229 562 1295 patrimonium
574 1229 678 1296 grande
690 1223 823 1297 possedit.

26 1286 245 1371 doperatalis,
257 1302 312 1346 tem
325 1298 465 1364 improbae
476 1301 586 1367 linguae
597 1315 677 1368 quam
689 1303 823 1363 impurae,

26 1373 48 1418 ln
58 1367 139 1418 cuius
152 1380 203 1416 ore
215 1362 335 1417 feminae
346 1369 549 1437 purgabantur,
569 1377 597 1421 et
612 1368 762 1421 multorum
778 1363 825 1414 he·

26 1443 65 1488 tes
85 1436 158 1496 fuit,
179 1440 213 1490 et
234 1435 336 1489 multos
359 1436 455 1489 babuit
475 1437 601 1491 herodes.
647 1435 718 1501 Quid
740 1430 825 1500 ergoi

26 1501 119 1561 Utrum
143 1503 223 1556 illum
236 1502 363 1571 ,pecunia
380 1522 476 1576 purum
491 1507 596 1572 etfacit,
623 1521 657 1558 an
672 1508 730 1572 ipse
741 1516 823 1571 pecu·

26 1579 98 1628 num
111 1572 282 1642 impurnritl
294 1576 370 1637 Quae
380 1576 420 1630 sic
430 1577 457 1628 in
470 1578 602 1644 quosdam
613 1575 749 1635 homines,
759 1585 824 1638 quo·

26 1644 108 1711 modu
120 1644 255 1703 denarius
271 1648 298 1695 in
311 1645 432 1698 cloacam
450 1648 533 1698 cadit.
570 1645 609 1699 15.
630 1646 727 1699 Virtus
742 1653 825 1707 super

26 1715 79 1771 ista
90 1715 237 1782 consistit,
254 1729 304 1767 suo
315 1730 379 1766 aere
395 1726 535 1772 censetur:
558 1714 626 1770 nihil
638 1732 671 1768 ex
688 1710 750 1771 istis
760 1723 826 1777 qino·

26 1784 182 1839 modolibet
203 1784 405 1859 incurrentibus
416 1787 517 1838 honum
528 1784 642 1849 iudicat.
678 1782 826 1907 {iodicium

26 1862 51 1910 et
60 1854 248 1924 gubernatio,
267 1869 322 1905 noo
332 1854 474 1909 interdicit
488 1857 540 1908 sibi
551 1872 585 1909 ac
595 1860 679 1923 suisa
700 1850 824 1916 miratio·

26 1940 82 1981 sem
99 1922 205 1981 talium
222 1938 321 1975 rerum.
358 1926 412 1989 Qui
429 1942 482 1979 non
498 1933 541 1978 est
554 1930 596 1977 vir
610 1929 711 1987 bonus,
730 1927 824 1991 potest

26 1995 206 2048 nihilomiuus
217 1994 339 2045 medicus
350 2010 422 2046 esse:
446 2004 537 2062 potest
549 1997 723 2062 gubernator,
733 1999 825 2059 potcst

26 2064 238 2133 psammeticus,
260 2071 315 2114 tom
338 2061 506 2117 mehercules
530 2079 609 2129 quam
627 2077 738 2129 coquus.
775 2060 826 2111 Cui

26 2134 147 2201 contigit
162 2133 266 2185 hahere
281 2148 334 2201 non
351 2134 503 2201 quaelihet,
522 2132 594 2185 hunc
610 2148 664 2184 non
674 2128 826 2200 quemlibet

26 2204 138 2257 dixeris.
176 2201 412 2273 qualisquisque
433 2201 529 2266 habet,
559 2203 623 2254 tulis
643 2208 692 2253 est.
727 2198 825 2250 Fiscus

27 2274 96 2325 tsnti
107 2280 161 2334 cst,
194 2281 307 2324 uentum
319 2269 415 2324 habet:
435 2275 517 2325 immo
529 2272 558 2323 in
570 2271 754 2326 accessionem
765 2268 825 2321 cius

29 2345 98 2395 venit
121 2288 198 2410 qudd
218 2341 312 2394 habet.
355 2343 394 2396 ld.
415 2344 483 2406 Quis
504 2344 585 2409 pleno
607 2340 717 2396 sacculo
739 2339 826 2391 ullum

31 2415 145 2479 pretium
157 2415 247 2481 ponit,
262 2412 315 2464 nisi
327 2414 399 2481 quod
409 2416 542 2480 pecuniae
552 2413 582 2464 iu
593 2428 627 2467 eo
639 2412 768 2465 conditae
778 2426 826 2460 nu·

32 2495 114 2537 serus
128 2480 244 2535 effeciti
264 2482 339 2535 idem
362 2484 453 2535 evenit
468 2498 629 2552 magnorum
646 2482 764 2536 dominis
781 2494 827 2546 ps-

33 2554 238 2606 trimoniorum:
271 2552 443 2605 accessiones
469 2553 582 2606 illorum
609 2562 638 2608 et
658 2548 826 2619 appendices

33 2632 93 2676 unt
107 2622 207 2685 Quare
220 2636 286 2689 ergo
298 2622 532 2692 sapicusmagnus
542 2621 601 2679 esti
612 2622 685 2687 Quis
695 2632 826 2685 magnum

35 2695 147 2748 uinum
160 2691 256 2744 habet.
291 2689 394 2744 Verum
408 2699 536 2761 emerge,
552 2691 625 2759 quod
637 2686 825 2743 contemtissi·

34 2768 65 2818 to
76 2764 182 2831 cuique
193 2761 338 2829 contingit,
358 2762 457 2814 bonum
471 2778 525 2814 non
537 2776 604 2814 esse.
638 2762 736 2826 ltaque
745 2755 823 2808 indo·

33 2825 138 2901 ltptism
150 2847 291 2900 nunquam
302 2834 400 2884 bonam
413 2829 510 2883 dicam.
529 2831 622 2882 Habet
632 2827 711 2882 illam
721 2823 827 2886 cicada,

30 2887 109 2962 hbet
120 2899 217 2971 pulex.
257 2901 295 2953 17.
317 2900 359 2955 Ne
376 2901 494 2969 quictem
511 2899 635 2966 quidem,
655 2893 826 2966 etmolsstis

107 2989 138 3036 e,
165 2972 269 3025 bonum
293 2969 392 3023 dicam.
428 2970 499 3033 Quid
519 2977 562 3021 est
582 2969 698 3026 otiosius
718 2962 827 3019 verme¹

65 3038 153 3105 neris,
163 3057 235 3110 quae
245 3055 289 3092 res
299 3042 454 3111 sapientem
466 3038 568 3107 iecisti
579 3056 648 3110 quae
656 3039 754 3094 Deum.
768 3033 826 3091 oss

52 3112 192 3167 Sssrcs
210 3107 330 3166 VoblV.
603 3115 627 3168 e
