1964 3434
146 541 181 595 84
435 535 656 592 SENECAE

144 660 259 720 bonurn,
279 672 331 709 nec
344 657 447 710 malum
467 674 542 712 essa:
563 658 692 710 ostendas
707 655 750 707 iili
769 657 936 719 miserrimos

145 725 254 778 diuites.
290 727 418 791 Efficias,
439 735 468 779 ut
485 727 618 796 quidquid
641 727 750 794 publica
772 730 935 794 expavimus,

144 796 214 846 sciat
226 812 280 848 non
291 805 418 851 assatam
430 797 589 858 timendum,
597 811 675 863 quam
688 797 764 847 iunia
775 798 936 854 circumfert.

144 880 194 916 nec
210 865 305 918 dolere
321 883 446 935 quoque,
466 881 516 918 nec
533 866 613 916 mori.
649 867 674 917 7.
692 865 782 932 Saepe
797 867 827 917 in
844 875 935 927 morte,

143 949 224 1001 quam
238 937 295 1002 pati
306 936 352 987 lex
363 942 419 996 cst,
439 950 565 1003 magnum
579 935 796 996 assassinium,
818 937 894 1002 quod
906 937 934 987 ad

142 1004 277 1056 neminem
297 1006 383 1057 redit:
404 1006 432 1055 in
446 1006 547 1055 'dolore
563 1019 612 1071 pro
623 1005 747 1056 remedio
760 1004 884 1056 futuram
896 1006 936 1057 ob-

142 1074 322 1125 atinationcm
339 1075 437 1133 animi,
460 1074 507 1141 qui
524 1073 610 1125 levius
628 1071 696 1124 iacit
718 1074 788 1135 sibi,
809 1075 935 1143 quidquid

143 1144 346 1195 contumaciter
357 1158 453 1209 passus
465 1149 515 1194 eat.
551 1143 687 1209 Optimam
700 1143 808 1211 doloris
821 1159 882 1195 ease
895 1158 935 1194 na·

141 1217 242 1273 turam,
264 1214 337 1278 quod
348 1228 401 1263 non
413 1219 505 1279 potest
518 1226 568 1263 nec
580 1214 626 1279 qui
638 1213 809 1274 extenditur,
823 1227 934 1280 magnus

142 1296 218 1343 case3
240 1295 290 1332 nec
300 1282 347 1349 qui
360 1288 404 1333 cst
414 1296 544 1348 magnus,
557 1280 678 1333 extendi.
715 1283 818 1334 Omnia
828 1282 934 1333 fortiter

141 1349 316 1416 accipienda,
337 1366 407 1418 quae
422 1353 501 1402 nobis
522 1351 616 1402 mundi
636 1352 790 1403 necessitas
812 1354 932 1419 imperat

140 1419 167 1471 8.
186 1420 240 1470 liis
250 1420 369 1472 decretis
380 1436 460 1487 quum
474 1419 550 1471 iilum
563 1421 780 1486 inconspectum
793 1438 861 1474 suae
876 1436 932 1473 con·

142 1488 256 1540 ditionis
267 1490 425 1551 adduxeris,
437 1496 465 1542 ct
476 1494 637 1558 cognoverit
648 1491 757 1542 beatam
770 1492 858 1542 vitam
869 1506 930 1551 ease,

141 1573 196 1611 non
207 1575 277 1626 quae
293 1561 441 1612 secundum
457 1559 627 1626 voluptatem
645 1566 701 1621 est,
723 1560 773 1611 sed
789 1561 930 1613 secundum

141 1634 281 1681 naturam:
302 1645 386 1696 quum
406 1630 537 1679 virtutem
559 1629 669 1679 unicum
689 1626 795 1681 bonum
816 1629 930 1682 hominia

141 1698 330 1761 adamaverit3
344 1699 544 1765 turpitudinem
556 1698 645 1749 coium
658 1699 760 1749 maium
773 1699 886 1766 fugerit,
896 1715 930 1751 re

142 1769 221 1833 liquo
232 1769 336 1829 omnia,
348 1768 473 1830 diuitias,
485 1767 618 1828 honoras,
628 1769 727 1819 bonam
741 1770 929 1840 valetudinem,

140 1837 223 1898 eirea,
233 1836 359 1902 imperia,
365 1837 461 1887 scierit
472 1851 532 1888 ease
542 1838 660 1889 mediam
673 1846 792 1903 partem,
799 1855 849 1892 nec
859 1838 929 1892 bonis

139 1906 384 1968 annumerandam,
396 1922 446 1958 nec
456 1907 550 1958 maiis:
575 1909 742 1960 monitorem
760 1926 816 1961 non
829 1907 927 1962 deside·
956 1968 957 1974 ¹

140 1976 216 2027 rabit
227 1976 260 2027 ad
273 1976 442 2044 singula,qui
455 1975 543 2028 dicat:
554 1975 600 2028 Sic
611 1978 715 2040 incede,
722 1980 763 2029 sic
774 1978 930 2033 coenatica
981 2018 982 2026 ,

139 2047 214 2107 viro,
226 2046 278 2098 hoc
290 2045 426 2109 feminae,
436 2045 490 2097 hoc
502 2047 677 2110 marito,·hoc
688 2047 790 2100 caelibi
801 2047 927 2101 convenit.

139 2115 165 2168 9.
184 2115 242 2168 ista
254 2117 327 2168 enim
339 2117 386 2184 qui
403 2116 613 2184 diligentissime
627 2125 754 2180 monent,
774 2120 830 2185 ipsi
846 2119 928 2170 sacen

56 2241 58 2246 f
140 2200 195 2236 non
208 2193 333 2252 possunt.
352 2188 431 2238 Haec
442 2188 619 2255 paedagogus
630 2202 725 2254 puero,
736 2186 808 2240 haec
819 2191 928 2240 ariane·

139 2254 199 2321 poti
221 2257 370 2322 praecipit:
395 2263 424 2308 et
444 2256 615 2308 irascendum
635 2272 689 2307 non
706 2271 784 2322 ease,
806 2259 930 2326 nragister
961 2290 963 2316 ;

138 2323 366 2376 iracundissimus
378 2325 509 2392 disputat.
533 2323 561 2377 Si
572 2324 664 2377 ludum
676 2325 837 2378 literarium
848 2330 928 2379 intra·
963 2328 966 2366 ἶ

137 2392 227 2454 veris,
246 2397 317 2445 scies
333 2395 387 2445 iata
403 2410 474 2461 quae
487 2394 594 2463 ingenti
609 2396 761 2462 supercilio
776 2394 928 2464 philosophi

138 2461 255 2525 iactant,
275 2462 302 2512 in
313 2463 414 2528 puerili
425 2480 485 2516 esse
497 2464 676 2568 praescripto.
713 2465 813 2518 Utrum
827 2465 929 2519 maniie
966 2478 972 2530 j

138 2537 183 2583 sta
194 2530 303 2593 deinde,
315 2545 348 2581 an
360 2533 445 2583 dubia
458 2535 626 2601 praecipies.
648 2533 688 2585 10.
700 2534 762 2587 Nou
776 2535 930 2589 desiderant

138 2600 288 2653 manifesta
300 2605 465 2655 monitoresz
487 2604 667 2670 praecipienti
680 2603 773 2666 dubia,
787 2622 841 2658 non
853 2604 931 2659 credi·

138 2679 197 2723 tur:
219 2685 418 2737 supervacuum
431 2680 473 2724 est
484 2688 550 2741 ergo
561 2676 731 2741 praecipere.
768 2674 801 2725 id
814 2676 882 2729 adeo
895 2673 931 2724 sic
980 2675 982 2683 ²

139 2741 223 2795 disco.
242 2741 271 2793 Si
282 2741 311 2792 id
323 2757 418 2794 mones
429 2742 500 2810 quod
513 2743 659 2794 obscurum
670 2751 714 2795 est
727 2751 756 2796 et
766 2747 930 2814 ambignum,

137 2812 351 2878 probationibus
371 2812 556 2864 adiuvandum
578 2814 644 2865 erit:
665 2813 690 2864 ai
711 2815 881 2880 probaturus
894 2829 929 2869 es·

137 2881 187 2931 iiia
196 2896 245 2947 pcr
256 2898 325 2950 quae
334 2883 514 2951 probas‚plus
525 2884 758 2953 ostentatoque
770 2903 821 2955 per
831 2891 929 2938 sesunt.

138 2949 185 3001 Sic
196 2952 284 3002 amico
296 2958 389 3016 utere,
409 2954 539 3015 siccine,
561 2953 600 3004 sic
617 2953 702 3004 socio.
742 2953 854 3016 Quarei
872 2954 928 3020 quin
972 2975 977 2983 f

132 3022 239 3076 iustum
253 3027 304 3075 esi.
333 3023 496 3075 Omniaista
505 3020 573 3073 mihi
585 3021 663 3072 locus
675 3022 709 3074 de
721 3025 833 3077 iustitia
843 3024 922 3076 tradit
975 3047 976 3051 =

130 3092 176 3152 11.
197 3096 266 3151 iilic
276 3097 392 3151 invenio
405 3093 629 3164 denuitatemucr
638 3108 670 3143 se
678 3097 874 3159 expetendam,
885 3109 916 3144 ne
