1942 3360
210 485 495 540 El'lSTOLAE.
530 486 574 541 8³.
760 488 790 542 ll

74 620 121 659 ars
138 611 188 659 est.
225 607 322 674 ltaque
336 605 553 659 declamationes
568 605 636 661 istas
650 608 685 662 de
700 608 791 662 medio

75 691 200 728 neamus:
212 693 265 727 non
277 683 320 727 est
331 677 436 727 animus
447 677 476 726 in
487 691 537 726 sua
548 684 694 742 potestate,
706 680 791 731 ebrie·

73 745 228 797 derinotus!
264 744 501 808 Quemadmodum
527 754 617 797 musto
638 747 712 799 dolia
731 749 792 814 ipsa

74 824 173 876 untur,
192 822 220 866 et
232 829 312 867 omne
322 814 396 880 quod
408 816 434 864 in
445 814 502 864 imo
513 814 600 876 iacet,
618 816 645 865 in
657 832 789 868 summam

74 899 100 934 m
122 884 166 934 sis
188 882 290 934 caloris
312 884 426 935 eiectatr
463 883 504 934 sio
521 884 587 933 vino
606 893 791 948 exaestuante,

74 952 126 1020 {uid
138 955 165 1003 in
177 953 234 1003 inro
245 953 318 1009 iacet
328 952 461 1014 abditum,
482 952 605 1013 effertur,
622 961 650 1003 et
660 953 752 1017 prodit
763 954 790 1005 io

74 1037 126 1072 nm.
150 1020 189 1071 lb.
201 1023 314 1073 Onerati
325 1037 410 1082 mero,
420 1021 648 1088 quemadmodum
660 1036 712 1072 non
725 1036 789 1073 eon·

74 1091 199 1153 tribum,
215 1091 280 1142 vino
292 1091 471 1153 redundante,
490 1091 531 1142 ita
542 1106 576 1142 ne
587 1097 722 1142 secretum
734 1092 792 1155 qui·

89 1160 165 1226 quod
176 1175 253 1210 soum
265 1159 437 1226 alienumque
449 1167 500 1222 est,
521 1160 627 1227 pariter
637 1159 789 1212 effundunt.

74 1228 187 1296 tuamvis
202 1227 254 1280 boe
269 1229 360 1282 soleat
375 1229 513 1293 accidere,
532 1231 573 1281 ita
583 1237 611 1282 et
625 1229 695 1281 illud
707 1229 789 1291 solet,

75 1315 101 1349 m
121 1297 173 1359 his,
188 1313 257 1364 quos
273 1300 375 1350 seimus
386 1299 518 1351 libentiae
532 1299 640 1360 bibare,
663 1298 696 1351 de
707 1300 789 1351 rebus

74 1368 160 1419 sariis
171 1366 364 1419 deliberemus.
392 1368 502 1420 Falsum
514 1376 556 1421 est
566 1384 633 1435 ergo
645 1367 705 1430 boc,
715 1368 788 1435 quod

74 1438 142 1489 ninii
153 1436 215 1488 looo
227 1438 350 1504 ponitur,
361 1437 387 1489 ei
398 1438 443 1503 qui
455 1437 546 1488 soleat
553 1438 644 1488 ebrius
655 1439 722 1500 lieri,
735 1454 787 1489 non

74 1506 183 1559 rendari
192 1507 316 1557 tacitum.
354 1506 394 1557 lo.
410 1508 521 1568 Quanto
532 1510 621 1557 satius
633 1514 684 1567 est,
695 1515 790 1572 aperte

74 1592 125 1629 are
147 1575 320 1636 ebrietatem,
339 1582 367 1628 et
380 1575 451 1625 sitia
469 1575 529 1626 eius
544 1575 698 1642 exponere!
718 1589 789 1641 quse

74 1667 77 1698 l
90 1645 250 1697 tolerabilia
261 1644 342 1696 homo
352 1644 490 1705 vitaverit,
502 1643 599 1696 nedum
612 1643 750 1709 perlectus
756 1658 790 1695 se

74 1732 116 1779 as3
130 1718 174 1767 cui
185 1716 256 1767 satis
267 1721 318 1776 est,
328 1714 405 1765 sitim
416 1715 603 1780 exstinguere:
616 1713 670 1780 qui,
681 1713 790 1765 etiamsi

74 1785 101 1837 lo
115 1792 177 1837 orta
189 1791 231 1837 est
243 1783 379 1845 hilaritas,
394 1783 485 1836 aliena
494 1799 577 1835 eausa
587 1785 720 1851 producta
730 1783 789 1834 lon·

82 1863 180 1906 tamen
197 1855 269 1906 eitra
282 1853 445 1906 ebrietatem
464 1855 576 1905 resistit.
611 1853 679 1905 Nam
694 1853 727 1906 de
738 1852 787 1904 illo

74 1926 157 1987 imus,
172 1939 206 1974 an
217 1924 351 1988 sapientis
362 1923 470 1973 animos
480 1923 565 1974 nimio
577 1923 642 1973 vino
654 1921 788 1983 turbetur,

75 1995 125 2045 riat
136 1993 219 2045 ebriis
236 1993 329 2044 solita.
369 1992 407 2043 ¹⁷.
428 1993 541 2043 laterim
555 1992 579 2042 si
591 1989 643 2041 hor
654 1992 788 2057 colligere

75 2068 143 2114 irum
155 2064 257 2114 bonum
270 2076 323 2112 non
335 2061 435 2112 debere
446 2060 550 2111 ebrium
562 2060 632 2120 lieri,
643 2074 690 2109 cur
702 2059 787 2126 syllo-

75 2150 90 2183 s
106 2132 185 2199 ogisi
205 2131 259 2182 Dio
270 2147 350 2197 quam
368 2138 448 2194 turpe
459 2130 505 2189 sit,
521 2129 583 2194 plus
594 2127 646 2177 sibi
662 2130 791 2193 ingerere

85 2203 194 2268 capiat,
215 2209 243 2251 et
252 2198 389 2251 stomachi
403 2202 445 2249 sui
462 2214 515 2248 non
531 2213 611 2248 nosse
621 2211 787 2248 mensuram:

87 2270 177 2322 multa
187 2270 256 2322 ebrii
268 2269 386 2327 iaciant,
407 2268 506 2333 quibus
517 2267 603 2318 sobrii
614 2267 786 2318 erubescant:

75 2340 150 2393 aliud
163 2355 223 2391 esse
234 2338 407 2399 ebrietatem,
430 2353 510 2403 quam
522 2337 705 2387 voluntariam
716 2336 787 2386 insa·

112 2408 241 2461 Extende
256 2410 285 2458 in
301 2409 393 2475 plures
409 2406 468 2459 dies
483 2406 560 2457 illum
573 2406 641 2459 ebrii
653 2404 786 2457 habitum:

75 2479 123 2530 uid
139 2479 174 2530 de
190 2477 283 2530 furora
296 2476 450 2528 dubitabisl
468 2476 549 2528 Nune
559 2490 667 2542 quoque
679 2490 732 2526 non
744 2482 788 2527 est

75 2565 91 2610 2,
104 2549 154 2600 sed
167 2549 284 2599 brevior.
322 2546 362 2599 lu.
378 2545 460 2598 lieler
470 2546 616 2598 Alexandri
627 2544 788 2596 Macedonis

75 2618 163 2686 plum,
184 2620 230 2682 qui
243 2616 345 2667 Clitum
361 2616 531 2668 carissimum
548 2615 646 2665 sibiae
660 2612 786 2664 fidelissi-

80 2691 155 2738 inter
171 2685 266 2751 epulas
281 2685 444 2746 transfodit,
464 2692 492 2736 et
506 2684 649 2736 intellecto
666 2680 788 2732 iocinore

75 2756 176 2817 soluit,
193 2762 268 2806 certe
280 2754 388 2805 meruit
424 2755 511 2807 Omne
521 2753 616 2803 sitium
629 2749 749 2800 ebrietas
760 2757 788 2801 et

75 2827 123 2888 dit,
146 2833 175 2875 et
190 2824 308 2891 detegit:
330 2822 484 2874 obstantem
500 2822 580 2873 malis
593 2818 734 2871 conatibus
745 2834 788 2870 re·

75 2897 153 2948 diasn
165 2902 297 2946 removet.
332 2890 429 2943 Plures
446 2892 518 2943 enim
534 2889 638 2956 pudore
649 2886 787 2953 peccandi,

80 2967 158 3018 bona
166 2962 321 3022 voluntate,
331 2960 479 3028 prohibitis
492 2960 638 3010 abstinent.
665 2954 715 3007 Ubi
728 2970 786 3021 pos·

75 3036 198 3089 animum
217 3032 300 3084 nimio
310 3033 350 3083 ris
364 3029 434 3093 vini,
455 3029 583 3097 quidquid
596 3026 660 3078 mali
676 3025 788 3085 latebat,
