1964 3434
741 2 963 410 Ἴ

275 599 564 655 rrrsroasa.
598 601 642 656 os
687 682 688 685 Ν
817 600 853 658 os

46 719 146 775 xlmae
160 718 349 773 dilabuntur.“
366 721 409 774 ⁴7.
420 722 482 774 Hac
493 738 524 775 se
535 723 677 785 aiebatet
687 724 812 785 fratrem,
824 730 853 776 et

47 793 172 842 amicum
191 795 326 856 optimum
342 790 457 843 lactum.
492 792 521 842 si
538 793 671 845 eiusmodi
687 795 852 855 sententiae,

48 859 231 914 familiariter
242 862 271 912 in
284 860 403 911 animani
418 868 556 927 receptae,
571 861 693 914 lornrant
704 878 780 914 eum:
803 878 853 914 cur

47 946 105 981 non
118 929 186 981 haec
197 945 262 996 pars
273 929 478 997 philosophiae,
500 945 571 998 quae
588 931 691 982 talibus
706 932 851 984 sententiis

48 1007 172 1060 constat,
179 1000 253 1051 idem
266 1000 371 1067 possit!
382 1000 448 1052 Pars
460 1001 570 1051 virtutis
584 985 852 1069 disciplinantem,

48 1084 116 1138 pars
129 1070 342 1121 exercitatione:
354 1076 382 1122 et
394 1070 484 1122 discas
497 1078 616 1136 oportet,
628 1078 657 1123 et
667 1071 740 1138 qood
751 1069 851 1122 didici-

48 1139 95 1199 sti,
115 1138 225 1206 agendo
238 1141 394 1193 confirmes.
430 1140 511 1204 Quod
523 1142 547 1193 si
560 1143 601 1192 ita
611 1149 663 1203 est,
679 1156 733 1191 non
745 1145 850 1192 tanturn

48 1211 121 1262 scita
132 1209 287 1275 sapientiae
299 1216 430 1275 prosont,
441 1209 490 1262 sed
502 1214 585 1263 etiam
598 1217 760 1277 praecepto:
781 1223 852 1277 quae

48 1279 169 1331 affectos
186 1286 296 1329 nostros
311 1279 386 1330 velut
401 1279 492 1332 edicto
510 1283 652 1343 coiircent,
672 1289 701 1334 et
723 1279 851 1347 alligant.

46 1350 90 1402 ⁴8.
112 1346 302 1415 Philosophia,
312 1349 409 1415 inquit,
422 1349 555 1401 dividitor
565 1351 592 1401 in
604 1349 686 1413 haec,
696 1351 850 1408 scientiam,

47 1428 77 1470 et
88 1417 214 1469 habiturn
228 1418 320 1470 animi.
339 1419 408 1470 Nam
422 1420 498 1470 illam
510 1421 556 1487 qui
568 1420 675 1481 didicit,
686 1430 715 1472 et
724 1417 852 1473 facienda

48 1503 82 1539 ac
93 1487 211 1539 vitanda
223 1489 362 1554 percepit,
383 1490 501 1540 nondum
515 1491 625 1557 sapiens
636 1498 692 1552 ost,
710 1491 763 1542 nisi
779 1493 852 1542 inea

47 1572 121 1626 quae
132 1556 245 1619 didicit,
262 1559 372 1609 sninrus
385 1559 443 1609 eins
455 1561 653 1626 tranfiguratus
664 1567 715 1611 est.
752 1560 853 1612 'l'ertis

47 1643 124 1696 pars,
150 1629 205 1679 ista
216 1628 413 1695 praecipiendi,
429 1643 464 1680 ex
477 1636 595 1697 utroque
606 1638 657 1692 est,
673 1637 701 1681 et
711 1644 745 1683 ex
757 1630 853 1682 decre·

45 1699 99 1761 tis,
120 1704 150 1749 et
167 1713 201 1750 ex
221 1698 329 1750 habitu:
351 1700 445 1766 itaque
456 1714 628 1765 supervacua
639 1708 682 1752 est
693 1700 727 1750 ad
739 1700 852 1765 inrplsa·

49 1770 112 1821 darn
124 1769 356 1835 virtutem,qounr
368 1770 421 1819 duo
431 1770 482 1821 illa
492 1767 639 1823 sufficiant.
657 1769 700 1821 49.
712 1768 771 1822 Isto
783 1782 851 1838 ergo

47 1838 132 1891 aiodo
149 1846 177 1889 et
194 1840 348 1890 consolatio
364 1855 536 1906 supervacua
548 1847 604 1903 est;
626 1855 688 1891 narn
703 1837 772 1892 haec
787 1854 852 1906 quo·

47 1925 101 1978 que
112 1922 147 1960 ex
160 1915 281 1976 utroque
293 1919 348 1961 est:
371 1918 398 1962 et
410 1910 584 1971 exhortatio,
597 1918 626 1963 et
636 1911 741 1973 suasio,
752 1917 781 1962 et
791 1913 852 1976 ipss

46 1980 267 2046 argumentatio.
304 1979 374 2033 Noni
392 1987 420 2032 et
439 1981 506 2033 haec
520 1982 555 2032 ab
572 1978 666 2033 habito
678 1981 763 2032 sninri
776 1996 849 2031 cons·

46 2049 134 2172 [mm
152 2049 292 2116 validique
309 2052 503 2116 proficiscitur.
541 2050 596 2103 Sed
613 2052 738 2118 quonrvis
750 2052 851 2102 istaes

67 2121 145 2171 altitu
163 2119 247 2171 animi
264 2121 391 2183 veniant3
413 2121 534 2186 optimos
549 2121 633 2171 animi
650 2120 761 2172 habitos
777 2129 805 2171 et
817 2134 851 2171 es

47 2189 92 2242 his
105 2196 160 2251 eat,
171 2196 200 2240 et
210 2205 243 2241 ex
254 2190 321 2242 illis.
343 2190 451 2243 Deinde
462 2189 536 2240 istud
548 2188 621 2256 qood
633 2189 713 2251 dicis,
725 2190 780 2240 ianr
793 2204 853 2255 per·

47 2261 115 2314 fecti
129 2261 182 2312 viri
194 2268 246 2323 est,
257 2275 290 2312 ac
301 2275 436 2312 summani
450 2259 591 2311 consecuti
604 2259 747 2311 felicitatis
760 2258 853 2309 honis·

51 2346 111 2383 nae.
144 2329 185 2381 sd
197 2329 251 2382 hoc
261 2338 354 2383 autent
368 2331 448 2382 tarde
459 2329 633 2396 pervenitur:
644 2329 755 2380 interim
768 2329 851 2380 etisni

46 2398 234 2469 imperfecto,
245 2400 295 2453 sed
308 2401 479 2469 proficienti,
490 2398 705 2451 demonstranda
715 2406 758 2450 est
768 2398 797 2449 io
809 2414 852 2449 re·

46 2474 98 2524 lius
116 2473 232 2539 agendis
249 2473 305 2523 ria.
343 2470 386 2524 50.
406 2472 486 2522 llaoc
503 2469 621 2522 forsitan
634 2472 718 2522 etiarn
730 2471 790 2521 sine
801 2469 850 2521 ad·

46 2542 207 2596 monitione
227 2540 305 2594 dabit
325 2541 380 2593 sibi
403 2541 463 2608 ipsa
485 2541 636 2607 sapientia:
658 2556 728 2607 quae
743 2541 797 2592 iarn
816 2555 851 2590 eo

47 2612 184 2680 perduxit
194 2613 324 2675 animuin,
337 2617 368 2662 ot
380 2611 485 2664 moreri
495 2612 685 2678 nequeat,nisi
697 2613 725 2661 in
733 2617 850 2662 recturo.

46 2681 284 2735 linbecillioribus
305 2682 414 2748 quidem
437 2681 574 2748 ingeniis,
604 2680 789 2732 necessarium
810 2685 853 2729 est

45 2753 170 2822 aliquem
181 2754 303 2819 praeire:
315 2753 377 2803 Hoc
389 2752 502 2815 vitabis,
513 2750 566 2804 hoc
576 2750 672 2803 iacies.
690 2749 851 2809 Praeterea,

46 2825 71 2874 si
84 2830 232 2891 exspectat
244 2828 360 2888 tempos,
376 2837 429 2889 quo
441 2837 492 2889 per
501 2837 531 2874 se
543 2823 621 2881 sciat,
641 2818 706 2886 quid
718 2818 850 2885 optimum

46 2893 124 2946 iacto
140 2895 195 2944 siti
216 2892 328 2944 interior
346 2891 464 2952 errabit,
486 2897 515 2943 et
535 2888 654 2942 errando
677 2888 850 2955 impedietur,

46 2979 102 3030 quo
115 2965 207 3016 minos
219 2963 254 3015 ad
266 2962 334 3015 illod
347 2962 500 3028 perveniat,
509 2974 563 3028 quo
576 2959 664 3025 possit
675 2974 704 3010 se
717 2974 777 3010 esse
788 2972 850 3009 con·

44 3042 157 3087 tentus:
176 3035 237 3100 regi
248 3049 314 3101 ergo
328 3032 419 3091 debet,
429 3031 493 3081 dorn
505 3030 602 3096 incipit
613 3045 693 3094 posse
704 3045 733 3080 se
746 3042 850 3094 regere.

45 3105 89 3156 hl.
102 3103 191 3157 Pueri
203 3103 239 3154 ad
249 3105 448 3169 praescriptum
463 3101 581 3161 discunt,
592 3099 673 3168 digiti
686 3099 797 3151 illorum
808 3107 850 3151 te·

48 3186 167 3236 nentur,
189 3181 218 3225 et
232 3175 324 3227 aliena
333 3189 417 3227 manu
427 3187 478 3244 por
488 3170 864 3228 literaronrsintnhacrahn·
