1838 3456
252 545 304 598 228
546 544 768 597 SENECAE

250 667 312 716 niet
323 663 434 731 aliquod
448 671 570 730 tempus,
587 663 659 731 quod
671 678 720 714 nos
734 663 837 714 iterum
855 662 903 712 iun

250 742 335 785 secat.
355 733 568 795 Quantumlibet
580 737 617 784 sit
627 732 706 793 illud,
718 731 834 798 longum
848 730 919 782 laci

250 802 355 854 utendi.
393 801 473 864 Nam,
484 810 514 853 ut
528 803 690 854 Posidonius
703 804 752 862 ait,
763 817 836 851 unus
850 801 911 852 dies

251 873 425 924 eruditorum
439 873 500 938 plus
514 880 598 940 patet,
609 886 691 939 quam
705 871 830 935 imperiti
843 872 910 936 long

251 949 304 993 tos.
333 943 448 994 interim
461 941 514 992 hoc
523 950 597 1003 tene,
609 938 662 992 hoc
674 940 783 991 morde:
796 940 911 992 adversi

251 1008 917 1074 cumbere,laetisnoncredere,omnemiortunae

250 1082 281 1132 in
295 1082 385 1135 oculis
393 1079 509 1133 habere:
521 1078 804 1148 tanquam,quidquid
813 1087 911 1145 potest

252 1158 331 1203 ctura
337 1152 383 1202 sit.
394 1149 535 1216 Quidquid
543 1149 909 1217 exspectatumestdiu,levi

441 1252 685 1307 uriarum
723 1251 872 1304 hxxix.

254 1322 286 1365 De
297 1319 419 1379 Charybdi
428 1321 530 1378 aliquid,
549 1323 637 1380 Scylla,
652 1322 768 1365 cedetne.
801 1319 872 1369 Tum,
888 1332 916 1363 ru

280 1383 315 1420 ter
323 1389 347 1419 te
355 1390 427 1434 parer
437 1389 498 1420 erres
513 1383 536 1421 et
544 1380 576 1420 nd
585 1376 733 1435 sapientiam
741 1374 862 1425 bortatur,
880 1383 913 1419 etr

279 1446 326 1476 non
336 1431 468 1476 comitetur.
487 1434 563 1490 Atqui
571 1432 731 1479 comitabitur.
742 1433 844 1488 oelport
853 1431 912 1476 vit

306 1507 447 1575 Exspecto
460 1507 595 1574 epistolas
608 1515 679 1570 tuas,
691 1505 790 1573 quibus
802 1503 871 1555 mibi
886 1506 914 1555 in

253 1577 373 1629 nunnitus
386 1576 500 1629 Siciliae
517 1580 605 1628 totius
620 1575 685 1643 quid
701 1575 755 1626 tibi
766 1576 832 1624 nori
844 1583 908 1627 oste

253 1649 348 1698 omnia
359 1646 393 1699 de
405 1646 465 1714 ipsa
477 1645 619 1714 Charybdi
631 1649 763 1698 certiora.
800 1644 873 1696 Nam
885 1643 919 1696 8·

252 1731 316 1766 xum
329 1733 398 1777 esse,
410 1724 438 1768 et
449 1716 557 1784 quidem
569 1731 624 1767 non
636 1715 762 1768 terribile
773 1715 918 1782 navigant'

252 1800 296 1836 me
308 1787 381 1837 scint
405 1784 560 1853 Charybdis
572 1802 607 1839 an
618 1784 785 1853 respondeat
798 1783 916 1844 fabulis,

253 1853 319 1904 mihi
337 1853 477 1906 desidero.
514 1857 549 1905 Et
561 1856 584 1906 si
595 1854 671 1908 forte
680 1855 894 1917 observaveris(

253 1929 361 1986 autem,
383 1930 415 1974 ut
431 1925 574 1990 observes)
591 1924 637 1977 inc
653 1941 703 1976 nos
719 1924 873 1985 certiores,
894 1940 911 1973 u

253 1999 362 2045 tantum
376 2001 458 2045 vento
469 2002 571 2062 agutur
582 1995 610 2046 in
622 1997 794 2055 vortices,an
807 1993 900 2045 omnis
918 2019 919 2031 ι

255 2078 344 2130 aeque
354 2078 432 2115 more
444 2064 513 2116 illud
524 2071 722 2133 contorqueat:
735 2072 764 2115 et
774 2079 809 2114 an
821 2078 917 2113 verum

255 2132 321 2200 qnid
334 2134 384 2184 illo
396 2133 461 2186 freti
472 2135 583 2187 turbine
593 2141 733 2201 arreptum
747 2141 800 2193 est,
812 2147 863 2199 per
874 2147 900 2181 m
918 2157 919 2173 ι

252 2201 327 2254 trabi
340 2205 526 2268 conditum,et
538 2203 886 2256 circaTaurornenitanum
898 2201 916 2252 l'

252 2287 329 2340 gere.
358 2273 384 2325 2.
396 2271 427 2325 Si
437 2272 506 2326 haec
516 2272 583 2325 milri
595 2273 802 2341 perscripseris,
813 2280 882 2323 tunc
892 2274 913 2323 ti

252 2340 434 2404 mandarant
445 2345 473 2394 in
487 2343 620 2396 honorem
633 2359 722 2395 meum
731 2346 847 2395 Aetnam
856 2357 919 2409 quo

253 2409 315 2460 das:
327 2424 411 2476 quam
424 2414 562 2476 consumi,
573 2421 600 2465 et
611 2415 713 2465 sensim
726 2411 883 2473 subsidere,
896 2427 912 2463 e

254 2480 358 2546 ligurit,
370 2482 443 2548 quod
457 2482 609 2549 aliquando
620 2484 731 2552 longius
743 2482 907 2549 navigantib

253 2550 371 2601 ostendi.
408 2549 506 2604 Potest
516 2550 568 2604 hoc
580 2553 716 2617 accidere,
737 2569 791 2604 non
804 2553 870 2619 quia
880 2567 919 2602 m·

252 2620 320 2671 tudo
333 2619 450 2683 desedit,
471 2621 520 2674 secl
533 2622 597 2689 quia
607 2623 681 2691 ignis
692 2623 819 2683 evanuit,
842 2628 872 2672 et
883 2637 909 2671 m

253 2705 331 2742 mens
347 2706 379 2742 ae
394 2691 490 2760 largus
507 2692 634 2744 eilertur:
656 2692 691 2744 ob
708 2693 823 2745 eandem
847 2707 914 2742 caus

253 2775 364 2828 quoque
376 2776 426 2828 per
435 2762 509 2814 diem
519 2760 640 2828 segnior.
676 2761 701 2814 3.
721 2763 857 2813 Neutrum
870 2777 919 2811 au

253 2828 340 2882 dibile
351 2839 461 2895 estnec
470 2839 592 2885 montem
605 2833 652 2899 qui
665 2830 817 2884 devoretur
829 2832 919 2897 quoti

243 2915 297 2955 nec
313 2902 409 2975 ignem
427 2920 483 2960 non
499 2917 612 2960 manere
629 2900 758 2954 eundem·=
778 2903 897 2968 quinon

234 2985 295 3039 est,
309 2979 362 3033 sed
377 2982 409 3034 in
422 2980 523 3052 aliqua
537 2977 657 3034 inierim
665 2973 743 3025 valle.
752 2976 902 3046 concentus
917 2992 919 2996 ·

223 3051 255 3094 et
274 3050 347 3106 aliis
368 3056 522 3124 pascitur:
545 3056 579 3107 in
594 3052 662 3121 insu
679 3047 780 3097 monte
793 3054 853 3118 non
865 3034 907 3114 qli

214 3111 282 3181 ¹³0¹»
307 3127 367 3180 sed
384 3130 482 3185 viam.
522 3133 558 3186 ln
571 3115 772 3197 Lycinregiu
780 3114 916 3180 ‘immi

203 3186 297 3246 stiorr
312 3197 453 3262 incolae
472 3207 611 3264 vocantu
632 3187 830 3267 Dumium
843 3172 912 3240 vm
