<?xml version="1.0" encoding="UTF-8"?>
<!DOCTYPE html PUBLIC "-//W3C//DTD XHTML 1.0 Transitional//EN"
    "http://www.w3.org/TR/xhtml1/DTD/xhtml1-transitional.dtd">
<html xmlns="http://www.w3.org/1999/xhtml" xml:lang="en" lang="en">
 <head>
  <title>
</title>
<meta http-equiv="Content-Type" content="text/html;charset=utf-8" />
  <meta name='ocr-system' content='tesseract 3.04.00' />
  <meta name='ocr-capabilities' content='ocr_page ocr_carea ocr_par ocr_line ocrx_word'/>
</head>
<body>
  <div class='ocr_page' id='page_1' title='image "./lannaeisenecaep01senegoog_0338.png"; bbox 0 0 1964 3434; ppageno 0'>
   <div class='ocr_carea' id='block_1_1' title="bbox 134 531 641 589">
    <p class='ocr_par' dir='ltr' id='par_1_1' title="bbox 134 531 641 589">
     <span class='ocr_line' id='line_1_1' title="bbox 134 531 641 589; baseline -0.012 0"><span class='ocrx_word' id='word_1_1' title='bbox 134 538 170 589; x_wconf 69' lang='lat' dir='ltr'><em>w</em></span> <span class='ocrx_word' id='word_1_2' title='bbox 378 546 382 551; x_wconf 86' lang='grc'><strong>’</strong></span> <span class='ocrx_word' id='word_1_3' title='bbox 419 531 641 587; x_wconf 73' lang='lat' dir='ltr'>SENECAE</span> 
     </span>
    </p>
   </div>
   <div class='ocr_carea' id='block_1_2' title="bbox 133 648 928 862">
    <p class='ocr_par' dir='ltr' id='par_1_2' title="bbox 133 648 928 862">
     <span class='ocr_line' id='line_1_2' title="bbox 135 648 925 723; baseline -0.008 -15"><span class='ocrx_word' id='word_1_4' title='bbox 135 656 223 717; x_wconf 81' lang='lat' dir='ltr'><strong>deest,</strong></span> <span class='ocrx_word' id='word_1_5' title='bbox 231 653 260 706; x_wconf 89' lang='lat' dir='ltr'><strong>io</strong></span> <span class='ocrx_word' id='word_1_6' title='bbox 272 667 328 723; x_wconf 85' lang='lat' dir='ltr'><strong>qua</strong></span> <span class='ocrx_word' id='word_1_7' title='bbox 338 653 474 706; x_wconf 88' lang='lat' dir='ltr'><strong>omnibus.</strong></span> <span class='ocrx_word' id='word_1_8' title='bbox 495 652 600 706; x_wconf 82' lang='lat' dir='ltr'><strong>Multos</strong></span> <span class='ocrx_word' id='word_1_9' title='bbox 611 651 704 704; x_wconf 80' lang='lat' dir='ltr'><strong>inveni</strong></span> <span class='ocrx_word' id='word_1_10' title='bbox 715 664 828 719; x_wconf 83' lang='lat' dir='ltr'><strong>aequos</strong></span> <span class='ocrx_word' id='word_1_11' title='bbox 837 648 925 703; x_wconf 69' lang='lat' dir='ltr'><strong>adver·</strong></span> 
     </span>
     <span class='ocr_line' id='line_1_3' title="bbox 133 722 928 789; baseline -0.01 -12"><span class='ocrx_word' id='word_1_12' title='bbox 133 741 181 777; x_wconf 90' lang='lat' dir='ltr'><strong>sus</strong></span> <span class='ocrx_word' id='word_1_13' title='bbox 192 725 328 777; x_wconf 86' lang='lat' dir='ltr'><strong>homines:</strong></span> <span class='ocrx_word' id='word_1_14' title='bbox 344 723 474 775; x_wconf 81' lang='lat' dir='ltr'><strong>adversus</strong></span> <span class='ocrx_word' id='word_1_15' title='bbox 486 724 553 775; x_wconf 83' lang='lat' dir='ltr'><strong>deos</strong></span> <span class='ocrx_word' id='word_1_16' title='bbox 564 724 710 775; x_wconf 87' lang='lat' dir='ltr'><strong>neminem.</strong></span> <span class='ocrx_word' id='word_1_17' title='bbox 745 722 928 789; x_wconf 71' lang='lat' dir='ltr'>Obiurgamus</span> 
     </span>
     <span class='ocr_line' id='line_1_4' title="bbox 134 787 927 862; baseline -0.008 -18"><span class='ocrx_word' id='word_1_18' title='bbox 134 796 257 862; x_wconf 82' lang='lat' dir='ltr'><strong>quotidie</strong></span> <span class='ocrx_word' id='word_1_19' title='bbox 267 796 369 846; x_wconf 79' lang='lat' dir='ltr'><strong>fatum:</strong></span> <span class='ocrx_word' id='word_1_20' title='bbox 381 795 474 856; x_wconf 79' lang='lat' dir='ltr'><strong>Quare</strong></span> <span class='ocrx_word' id='word_1_21' title='bbox 483 793 531 844; x_wconf 84' lang='lat' dir='ltr'><strong>ills</strong></span> <span class='ocrx_word' id='word_1_22' title='bbox 542 793 764 844; x_wconf 69' lang='lat' dir='ltr'><strong>in‘niediooursu</strong></span> <span class='ocrx_word' id='word_1_23' title='bbox 772 787 927 859; x_wconf 81' lang='lat' dir='ltr'><strong>raptusestl</strong></span> 
     </span>
    </p>
   </div>
   <div class='ocr_carea' id='block_1_3' title="bbox 120 849 982 3178">
    <p class='ocr_par' dir='ltr' id='par_1_3' title="bbox 120 849 982 3178">
     <span class='ocr_line' id='line_1_5' title="bbox 134 849 982 933; baseline -0.005 -19"><span class='ocrx_word' id='word_1_24' title='bbox 134 880 220 933; x_wconf 76' lang='lat' dir='ltr'><strong>quara</strong></span> <span class='ocrx_word' id='word_1_25' title='bbox 238 866 286 917; x_wconf 82' lang='lat' dir='ltr'><strong>ille</strong></span> <span class='ocrx_word' id='word_1_26' title='bbox 302 881 356 915; x_wconf 90' lang='lat' dir='ltr'><strong>nun</strong></span> <span class='ocrx_word' id='word_1_27' title='bbox 373 862 494 930; x_wconf 69' lang='lat' dir='ltr'><strong>rapitur!</strong></span> <span class='ocrx_word' id='word_1_28' title='bbox 512 862 606 924; x_wconf 75' lang='lat' dir='ltr'><strong>Quare</strong></span> <span class='ocrx_word' id='word_1_29' title='bbox 616 868 791 914; x_wconf 76' lang='lat' dir='ltr'><strong>senectutem</strong></span> <span class='ocrx_word' id='word_1_30' title='bbox 803 869 834 914; x_wconf 87' lang='lat' dir='ltr'><strong>et</strong></span> <span class='ocrx_word' id='word_1_31' title='bbox 843 860 928 911; x_wconf 77' lang='lat' dir='ltr'><strong>sibiet</strong></span> <span class='ocrx_word' id='word_1_32' title='bbox 980 849 982 877; x_wconf 66' lang='lat'><em>³</em></span> 
     </span>
     <span class='ocr_line' id='line_1_6' title="bbox 134 929 980 1002; baseline -0.007 -17"><span class='ocrx_word' id='word_1_33' title='bbox 134 935 197 986; x_wconf 88' lang='lat' dir='ltr'><strong>aliis</strong></span> <span class='ocrx_word' id='word_1_34' title='bbox 208 949 320 1002; x_wconf 79' lang='lat' dir='ltr'><strong>gravem</strong></span> <span class='ocrx_word' id='word_1_35' title='bbox 334 932 476 985; x_wconf 80' lang='lat' dir='ltr'><strong>extenditi</strong></span> <span class='ocrx_word' id='word_1_36' title='bbox 497 932 522 983; x_wconf 84' lang='lat'><strong>2.</strong></span> <span class='ocrx_word' id='word_1_37' title='bbox 533 932 765 996; x_wconf 76' lang='lat' dir='ltr'><strong>Utrum,ol›seero</strong></span> <span class='ocrx_word' id='word_1_38' title='bbox 774 938 812 992; x_wconf 89' lang='lat' dir='ltr'><strong>te,</strong></span> <span class='ocrx_word' id='word_1_39' title='bbox 820 929 928 996; x_wconf 85' lang='lat' dir='ltr'><strong>aequius</strong></span> <span class='ocrx_word' id='word_1_40' title='bbox 979 947 980 952; x_wconf 49' lang='lat'>¹</span> 
     </span>
     <span class='ocr_line' id='line_1_7' title="bbox 134 960 982 1075; baseline -0.007 -21"><span class='ocrx_word' id='word_1_41' title='bbox 134 1004 283 1066; x_wconf 63' lang='lat' dir='ltr'><strong>indimota</strong></span> <span class='ocrx_word' id='word_1_42' title='bbox 294 1012 417 1064; x_wconf 84' lang='lat' dir='ltr'><strong>naturae,</strong></span> <span class='ocrx_word' id='word_1_43' title='bbox 425 1017 459 1053; x_wconf 90' lang='lat' dir='ltr'><strong>an</strong></span> <span class='ocrx_word' id='word_1_44' title='bbox 470 1002 524 1054; x_wconf 87' lang='lat' dir='ltr'><strong>tibi</strong></span> <span class='ocrx_word' id='word_1_45' title='bbox 536 1017 632 1070; x_wconf 79' lang='lat' dir='ltr'><strong>parere</strong></span> <span class='ocrx_word' id='word_1_46' title='bbox 644 1000 791 1052; x_wconf 76' lang='lat' dir='ltr'><strong>natus-ami</strong></span> <span class='ocrx_word' id='word_1_47' title='bbox 801 999 876 1063; x_wconf 74' lang='lat' dir='ltr'><strong>Quid</strong></span> <span class='ocrx_word' id='word_1_48' title='bbox 886 1014 928 1050; x_wconf 89' lang='lat' dir='ltr'><strong>au·</strong></span> <span class='ocrx_word' id='word_1_49' title='bbox 974 960 982 1075; x_wconf 60' lang='grc' dir='ltr'>ι</span> 
     </span>
     <span class='ocr_line' id='line_1_8' title="bbox 134 1069 982 1142; baseline -0.009 -17"><span class='ocrx_word' id='word_1_50' title='bbox 134 1081 190 1126; x_wconf 86' lang='lat' dir='ltr'><strong>tem</strong></span> <span class='ocrx_word' id='word_1_51' title='bbox 198 1075 326 1135; x_wconf 81' lang='lat' dir='ltr'><strong>interest,</strong></span> <span class='ocrx_word' id='word_1_52' title='bbox 332 1087 412 1139; x_wconf 87' lang='lat' dir='ltr'><strong>quam</strong></span> <span class='ocrx_word' id='word_1_53' title='bbox 419 1074 476 1124; x_wconf 79' lang='lat' dir='ltr'><strong>cito</strong></span> <span class='ocrx_word' id='word_1_54' title='bbox 487 1087 578 1134; x_wconf 79' lang='lat' dir='ltr'><strong>exeas,</strong></span> <span class='ocrx_word' id='word_1_55' title='bbox 585 1072 658 1123; x_wconf 87' lang='lat' dir='ltr'><strong>unde</strong></span> <span class='ocrx_word' id='word_1_56' title='bbox 670 1074 768 1138; x_wconf 89' lang='lat' dir='ltr'><strong>utique</strong></span> <span class='ocrx_word' id='word_1_57' title='bbox 778 1069 928 1121; x_wconf 81' lang='lat' dir='ltr'><strong>exeundum</strong></span> <span class='ocrx_word' id='word_1_58' title='bbox 974 1074 982 1142; x_wconf 64' lang='grc' dir='ltr'>Ἰ</span> 
     </span>
     <span class='ocr_line' id='line_1_9' title="bbox 134 1138 982 1216; baseline -0.009 -21"><span class='ocrx_word' id='word_1_59' title='bbox 134 1144 196 1195; x_wconf 78' lang='lat' dir='ltr'><strong>est!</strong></span> <span class='ocrx_word' id='word_1_60' title='bbox 207 1143 269 1195; x_wconf 84' lang='lat' dir='ltr'><strong>Non</strong></span> <span class='ocrx_word' id='word_1_61' title='bbox 280 1151 311 1193; x_wconf 92' lang='lat' dir='ltr'><strong>ut</strong></span> <span class='ocrx_word' id='word_1_62' title='bbox 321 1142 370 1193; x_wconf 91' lang='lat' dir='ltr'><strong>diu</strong></span> <span class='ocrx_word' id='word_1_63' title='bbox 382 1143 514 1204; x_wconf 80' lang='lat' dir='ltr'><strong>vivamus,</strong></span> <span class='ocrx_word' id='word_1_64' title='bbox 525 1141 675 1193; x_wconf 86' lang='lat' dir='ltr'><strong>curandum</strong></span> <span class='ocrx_word' id='word_1_65' title='bbox 687 1139 797 1202; x_wconf 82' lang='lat' dir='ltr'><strong>est‚sad</strong></span> <span class='ocrx_word' id='word_1_66' title='bbox 807 1145 838 1190; x_wconf 93' lang='grc' dir='ltr'><strong>ιιι</strong></span> <span class='ocrx_word' id='word_1_67' title='bbox 846 1138 928 1189; x_wconf 84' lang='lat' dir='ltr'><strong>satis:</strong></span> <span class='ocrx_word' id='word_1_68' title='bbox 974 1144 982 1216; x_wconf 71' lang='grc' dir='ltr'>Ἰ</span> 
     </span>
     <span class='ocr_line' id='line_1_10' title="bbox 134 1208 982 1279; baseline -0.009 -15"><span class='ocrx_word' id='word_1_69' title='bbox 134 1227 196 1264; x_wconf 86' lang='grc' dir='ltr'>ιιιιιιι</span> <span class='ocrx_word' id='word_1_70' title='bbox 216 1220 249 1263; x_wconf 92' lang='grc' dir='ltr'><strong>ιιι</strong></span> <span class='ocrx_word' id='word_1_71' title='bbox 270 1212 318 1263; x_wconf 89' lang='lat' dir='ltr'><strong>din</strong></span> <span class='ocrx_word' id='word_1_72' title='bbox 335 1212 424 1272; x_wconf 80' lang='lat' dir='ltr'><strong>vivas,</strong></span> <span class='ocrx_word' id='word_1_73' title='bbox 446 1211 505 1264; x_wconf 81' lang='lat' dir='ltr'><strong>fato</strong></span> <span class='ocrx_word' id='word_1_74' title='bbox 521 1226 591 1279; x_wconf 80' lang='lat' dir='ltr'><strong>opus</strong></span> <span class='ocrx_word' id='word_1_75' title='bbox 608 1219 664 1273; x_wconf 86' lang='lat' dir='ltr'><strong>est,</strong></span> <span class='ocrx_word' id='word_1_76' title='bbox 683 1212 812 1271; x_wconf 80' lang='lat' dir='ltr'><strong>atsutia,</strong></span> <span class='ocrx_word' id='word_1_77' title='bbox 832 1208 928 1261; x_wconf 86' lang='lat' dir='ltr'><strong>auimo.</strong></span> <span class='ocrx_word' id='word_1_78' title='bbox 975 1221 982 1278; x_wconf 68' lang='lat' dir='ltr'><strong>j</strong></span> 
     </span>
     <span class='ocr_line' id='line_1_11' title="bbox 134 1272 982 1352; baseline -0.008 -19"><span class='ocrx_word' id='word_1_79' title='bbox 134 1282 234 1348; x_wconf 82' lang='lat' dir='ltr'><strong>Longa</strong></span> <span class='ocrx_word' id='word_1_80' title='bbox 246 1283 363 1339; x_wconf 73' lang='lat' dir='ltr'><strong>calvitii,</strong></span> <span class='ocrx_word' id='word_1_81' title='bbox 374 1281 397 1330; x_wconf 87' lang='lat' dir='ltr'><strong>ai</strong></span> <span class='ocrx_word' id='word_1_82' title='bbox 410 1281 493 1347; x_wconf 82' lang='lat' dir='ltr'><strong>plena</strong></span> <span class='ocrx_word' id='word_1_83' title='bbox 503 1292 554 1333; x_wconf 88' lang='lat' dir='ltr'><strong>est.</strong></span> <span class='ocrx_word' id='word_1_84' title='bbox 591 1282 725 1347; x_wconf 79' lang='lat' dir='ltr'><strong>impletur</strong></span> <span class='ocrx_word' id='word_1_85' title='bbox 736 1287 839 1340; x_wconf 88' lang='lat' dir='ltr'><strong>autem,</strong></span> <span class='ocrx_word' id='word_1_86' title='bbox 849 1290 927 1345; x_wconf 87' lang='lat' dir='ltr'><strong>quun</strong></span> <span class='ocrx_word' id='word_1_87' title='bbox 975 1272 982 1352; x_wconf 64' lang='grc' dir='ltr'>Ι</span> 
     </span>
     <span class='ocr_line' id='line_1_12' title="bbox 135 1350 982 1416; baseline -0.005 -14"><span class='ocrx_word' id='word_1_88' title='bbox 135 1351 242 1403; x_wconf 89' lang='lat' dir='ltr'><strong>animus</strong></span> <span class='ocrx_word' id='word_1_89' title='bbox 254 1351 307 1401; x_wconf 85' lang='lat' dir='ltr'><strong>sibi</strong></span> <span class='ocrx_word' id='word_1_90' title='bbox 320 1352 420 1401; x_wconf 89' lang='lat' dir='ltr'><strong>bonum</strong></span> <span class='ocrx_word' id='word_1_91' title='bbox 432 1366 510 1402; x_wconf 83' lang='lat' dir='ltr'><strong>suum</strong></span> <span class='ocrx_word' id='word_1_92' title='bbox 523 1351 659 1411; x_wconf 75' lang='lat' dir='ltr'>reddidit,</span> <span class='ocrx_word' id='word_1_93' title='bbox 681 1356 710 1401; x_wconf 87' lang='lat' dir='ltr'><strong>et</strong></span> <span class='ocrx_word' id='word_1_94' title='bbox 721 1350 756 1401; x_wconf 88' lang='lat' dir='ltr'><strong>ad</strong></span> <span class='ocrx_word' id='word_1_95' title='bbox 767 1365 798 1400; x_wconf 88' lang='lat' dir='ltr'><strong>se</strong></span> <span class='ocrx_word' id='word_1_96' title='bbox 810 1354 927 1416; x_wconf 74' lang='lat' dir='ltr'><strong>potesta·</strong></span> <span class='ocrx_word' id='word_1_97' title='bbox 976 1353 982 1372; x_wconf 64' lang='lat'><em>⁵</em></span> 
     </span>
     <span class='ocr_line' id='line_1_13' title="bbox 134 1419 928 1487; baseline -0.006 -16"><span class='ocrx_word' id='word_1_98' title='bbox 134 1428 189 1472; x_wconf 86' lang='lat' dir='ltr'><strong>tem</strong></span> <span class='ocrx_word' id='word_1_99' title='bbox 201 1423 244 1471; x_wconf 89' lang='lat' dir='ltr'><strong>sui</strong></span> <span class='ocrx_word' id='word_1_100' title='bbox 255 1419 406 1471; x_wconf 72' lang='lat' dir='ltr'><strong>transtulit.</strong></span> <span class='ocrx_word' id='word_1_101' title='bbox 425 1419 499 1480; x_wconf 76' lang='lat' dir='ltr'><strong>Quid</strong></span> <span class='ocrx_word' id='word_1_102' title='bbox 512 1421 589 1472; x_wconf 89' lang='lat' dir='ltr'><strong>illum</strong></span> <span class='ocrx_word' id='word_1_103' title='bbox 601 1421 746 1487; x_wconf 82' lang='lat' dir='ltr'><strong>octoginta</strong></span> <span class='ocrx_word' id='word_1_104' title='bbox 755 1420 822 1470; x_wconf 88' lang='lat' dir='ltr'><strong>noni</strong></span> <span class='ocrx_word' id='word_1_105' title='bbox 831 1419 928 1476; x_wconf 77' lang='lat' dir='ltr'><strong>iuvant,</strong></span> 
     </span>
     <span class='ocr_line' id='line_1_14' title="bbox 135 1490 926 1558; baseline -0.008 -16"><span class='ocrx_word' id='word_1_106' title='bbox 135 1491 323 1558; x_wconf 73' lang='lat' dir='ltr'><strong>perimentium</strong></span> <span class='ocrx_word' id='word_1_107' title='bbox 334 1491 443 1541; x_wconf 81' lang='lat' dir='ltr'><strong>exuotil</strong></span> <span class='ocrx_word' id='word_1_108' title='bbox 453 1490 512 1542; x_wconf 83' lang='lat' dir='ltr'><strong>Non</strong></span> <span class='ocrx_word' id='word_1_109' title='bbox 524 1493 595 1544; x_wconf 83' lang='lat' dir='ltr'><strong>vixit</strong></span> <span class='ocrx_word' id='word_1_110' title='bbox 605 1491 719 1552; x_wconf 83' lang='lat' dir='ltr'><strong>iste,sod</strong></span> <span class='ocrx_word' id='word_1_111' title='bbox 732 1491 759 1540; x_wconf 90' lang='lat' dir='ltr'><strong>in</strong></span> <span class='ocrx_word' id='word_1_112' title='bbox 771 1491 831 1540; x_wconf 73' lang='lat' dir='ltr'><strong>vita</strong></span> <span class='ocrx_word' id='word_1_113' title='bbox 842 1501 926 1538; x_wconf 82' lang='lat' dir='ltr'><strong>mora·</strong></span> 
     </span>
     <span class='ocr_line' id='line_1_15' title="bbox 134 1559 928 1626; baseline -0.008 -14"><span class='ocrx_word' id='word_1_114' title='bbox 134 1569 180 1612; x_wconf 91' lang='lat' dir='ltr'><strong>tus</strong></span> <span class='ocrx_word' id='word_1_115' title='bbox 196 1567 252 1613; x_wconf 76' lang='lat' dir='ltr'><strong>ests</strong></span> <span class='ocrx_word' id='word_1_116' title='bbox 272 1576 322 1612; x_wconf 80' lang='lat' dir='ltr'><strong>neo</strong></span> <span class='ocrx_word' id='word_1_117' title='bbox 332 1575 396 1612; x_wconf 83' lang='lat' dir='ltr'><strong>soro</strong></span> <span class='ocrx_word' id='word_1_118' title='bbox 408 1569 534 1612; x_wconf 82' lang='lat' dir='ltr'><strong>mortuus</strong></span> <span class='ocrx_word' id='word_1_119' title='bbox 546 1570 603 1622; x_wconf 83' lang='lat' dir='ltr'><strong>est,</strong></span> <span class='ocrx_word' id='word_1_120' title='bbox 623 1560 672 1612; x_wconf 89' lang='lat' dir='ltr'><strong>sed</strong></span> <span class='ocrx_word' id='word_1_121' title='bbox 685 1560 743 1611; x_wconf 88' lang='lat' dir='ltr'><strong>diu.</strong></span> <span class='ocrx_word' id='word_1_122' title='bbox 782 1559 928 1626; x_wconf 75' lang='lat' dir='ltr'><strong>Octoginta</strong></span> 
     </span>
     <span class='ocr_line' id='line_1_16' title="bbox 135 1628 930 1696; baseline -0.009 -14"><span class='ocrx_word' id='word_1_123' title='bbox 135 1631 216 1682; x_wconf 87' lang='lat' dir='ltr'><strong>annis</strong></span> <span class='ocrx_word' id='word_1_124' title='bbox 226 1631 306 1683; x_wconf 77' lang='lat' dir='ltr'><strong>vixit.</strong></span> <span class='ocrx_word' id='word_1_125' title='bbox 342 1629 367 1681; x_wconf 83' lang='lat'><strong>3.</strong></span> <span class='ocrx_word' id='word_1_126' title='bbox 380 1630 508 1693; x_wconf 76' lang='lat' dir='ltr'><strong>laterent,</strong></span> <span class='ocrx_word' id='word_1_127' title='bbox 519 1638 636 1682; x_wconf 81' lang='lat' dir='ltr'><strong>mortem</strong></span> <span class='ocrx_word' id='word_1_128' title='bbox 647 1632 708 1681; x_wconf 91' lang='lat' dir='ltr'><strong>eius</strong></span> <span class='ocrx_word' id='word_1_129' title='bbox 719 1644 754 1680; x_wconf 83' lang='lat' dir='ltr'><strong>ex</strong></span> <span class='ocrx_word' id='word_1_130' title='bbox 766 1644 822 1696; x_wconf 87' lang='lat' dir='ltr'><strong>quo</strong></span> <span class='ocrx_word' id='word_1_131' title='bbox 831 1628 878 1679; x_wconf 81' lang='lat' dir='ltr'><strong>die</strong></span> <span class='ocrx_word' id='word_1_132' title='bbox 886 1641 930 1676; x_wconf 87' lang='lat' dir='ltr'><strong>nu-</strong></span> 
     </span>
     <span class='ocr_line' id='line_1_17' title="bbox 136 1696 929 1755; baseline -0.011 -1"><span class='ocrx_word' id='word_1_133' title='bbox 136 1701 239 1754; x_wconf 82' lang='lat' dir='ltr'><strong>meres!</strong></span> <span class='ocrx_word' id='word_1_134' title='bbox 264 1704 299 1752; x_wconf 73' lang='lat' dir='ltr'><strong>At</strong></span> <span class='ocrx_word' id='word_1_135' title='bbox 315 1699 364 1750; x_wconf 85' lang='lat' dir='ltr'><strong>iile</strong></span> <span class='ocrx_word' id='word_1_136' title='bbox 381 1700 452 1749; x_wconf 91' lang='lat' dir='ltr'><strong>obiit</strong></span> <span class='ocrx_word' id='word_1_137' title='bbox 468 1700 579 1752; x_wconf 66' lang='lat' dir='ltr'><strong>viudin</strong></span> <span class='ocrx_word' id='word_1_138' title='bbox 601 1699 649 1753; x_wconf 80' lang='lat' dir='ltr'><strong>sed</strong></span> <span class='ocrx_word' id='word_1_139' title='bbox 665 1699 758 1750; x_wconf 83' lang='lat' dir='ltr'><strong>officia</strong></span> <span class='ocrx_word' id='word_1_140' title='bbox 772 1699 840 1749; x_wconf 84' lang='lat' dir='ltr'><strong>honi</strong></span> <span class='ocrx_word' id='word_1_141' title='bbox 857 1696 929 1755; x_wconf 81' lang='lat' dir='ltr'><strong>civis,</strong></span> 
     </span>
     <span class='ocr_line' id='line_1_18' title="bbox 135 1768 929 1834; baseline -0.006 -12"><span class='ocrx_word' id='word_1_142' title='bbox 135 1772 202 1822; x_wconf 88' lang='lat' dir='ltr'><strong>boni</strong></span> <span class='ocrx_word' id='word_1_143' title='bbox 217 1770 313 1832; x_wconf 79' lang='lat' dir='ltr'><strong>omisi,</strong></span> <span class='ocrx_word' id='word_1_144' title='bbox 333 1768 400 1818; x_wconf 88' lang='lat' dir='ltr'><strong>boni</strong></span> <span class='ocrx_word' id='word_1_145' title='bbox 415 1770 466 1819; x_wconf 90' lang='lat' dir='ltr'><strong>lilii</strong></span> <span class='ocrx_word' id='word_1_146' title='bbox 481 1777 629 1822; x_wconf 74' lang='lat' dir='ltr'><strong>exsecutus</strong></span> <span class='ocrx_word' id='word_1_147' title='bbox 645 1778 700 1821; x_wconf 84' lang='lat' dir='ltr'><strong>est:</strong></span> <span class='ocrx_word' id='word_1_148' title='bbox 722 1770 749 1819; x_wconf 90' lang='lat' dir='ltr'><strong>in</strong></span> <span class='ocrx_word' id='word_1_149' title='bbox 766 1768 847 1820; x_wconf 87' lang='lat' dir='ltr'><strong>nullo</strong></span> <span class='ocrx_word' id='word_1_150' title='bbox 857 1773 929 1834; x_wconf 78' lang='lat' dir='ltr'><strong>parts</strong></span> 
     </span>
     <span class='ocr_line' id='line_1_19' title="bbox 136 1838 970 1906; baseline -0.006 -15"><span class='ocrx_word' id='word_1_151' title='bbox 136 1841 261 1891; x_wconf 81' lang='lat' dir='ltr'><strong>cessavit.</strong></span> <span class='ocrx_word' id='word_1_152' title='bbox 297 1839 380 1889; x_wconf 82' lang='lat' dir='ltr'><strong>Licet</strong></span> <span class='ocrx_word' id='word_1_153' title='bbox 389 1838 448 1889; x_wconf 86' lang='lat' dir='ltr'><strong>eius</strong></span> <span class='ocrx_word' id='word_1_154' title='bbox 460 1845 537 1890; x_wconf 82' lang='lat' dir='ltr'><strong>aetas</strong></span> <span class='ocrx_word' id='word_1_155' title='bbox 547 1839 712 1906; x_wconf 75' lang='lat' dir='ltr'><strong>imperfecta</strong></span> <span class='ocrx_word' id='word_1_156' title='bbox 726 1840 779 1903; x_wconf 87' lang='lat' dir='ltr'><strong>sit,</strong></span> <span class='ocrx_word' id='word_1_157' title='bbox 799 1840 859 1890; x_wconf 71' lang='lat' dir='ltr'><strong>rita</strong></span> <span class='ocrx_word' id='word_1_158' title='bbox 874 1851 928 1905; x_wconf 78' lang='lat' dir='ltr'><strong>pes·</strong></span> <span class='ocrx_word' id='word_1_159' title='bbox 968 1896 970 1900; x_wconf 14' lang='grc' dir='ltr'><em>Α</em></span> 
     </span>
     <span class='ocr_line' id='line_1_20' title="bbox 135 1908 928 1977; baseline -0.008 -15"><span class='ocrx_word' id='word_1_160' title='bbox 135 1909 211 1962; x_wconf 77' lang='lat' dir='ltr'><strong>foeta</strong></span> <span class='ocrx_word' id='word_1_161' title='bbox 225 1915 276 1960; x_wconf 80' lang='lat' dir='ltr'><strong>est.</strong></span> <span class='ocrx_word' id='word_1_162' title='bbox 312 1908 464 1973; x_wconf 74' lang='lat' dir='ltr'><strong>Octoginta</strong></span> <span class='ocrx_word' id='word_1_163' title='bbox 478 1909 556 1959; x_wconf 86' lang='lat' dir='ltr'><strong>annis</strong></span> <span class='ocrx_word' id='word_1_164' title='bbox 570 1911 650 1962; x_wconf 71' lang='lat' dir='ltr'><strong>vixit</strong></span> <span class='ocrx_word' id='word_1_165' title='bbox 685 1910 774 1961; x_wconf 88' lang='lat' dir='ltr'><strong>lmmo</strong></span> <span class='ocrx_word' id='word_1_166' title='bbox 789 1910 928 1977; x_wconf 80' lang='lat' dir='ltr'><strong>octoginta</strong></span> 
     </span>
     <span class='ocr_line' id='line_1_21' title="bbox 135 1976 928 2048; baseline -0.005 -17"><span class='ocrx_word' id='word_1_167' title='bbox 135 1980 214 2032; x_wconf 84' lang='lat' dir='ltr'><strong>onnia</strong></span> <span class='ocrx_word' id='word_1_168' title='bbox 225 1977 292 2029; x_wconf 79' lang='lat' dir='ltr'><strong>suit=</strong></span> <span class='ocrx_word' id='word_1_169' title='bbox 305 1977 359 2027; x_wconf 89' lang='lat' dir='ltr'><strong>nisi</strong></span> <span class='ocrx_word' id='word_1_170' title='bbox 370 1976 445 2029; x_wconf 82' lang='lat' dir='ltr'><strong>forte</strong></span> <span class='ocrx_word' id='word_1_171' title='bbox 456 1979 498 2029; x_wconf 84' lang='lat' dir='ltr'><strong>sic</strong></span> <span class='ocrx_word' id='word_1_172' title='bbox 509 1978 612 2032; x_wconf 79' lang='lat' dir='ltr'><strong>vixisse</strong></span> <span class='ocrx_word' id='word_1_173' title='bbox 624 1995 687 2031; x_wconf 88' lang='lat' dir='ltr'><strong>eum</strong></span> <span class='ocrx_word' id='word_1_174' title='bbox 700 1980 781 2040; x_wconf 85' lang='lat' dir='ltr'><strong>dieis,</strong></span> <span class='ocrx_word' id='word_1_175' title='bbox 792 1976 928 2048; x_wconf 89' lang='lat' dir='ltr'><strong>quomodo</strong></span> 
     </span>
     <span class='ocr_line' id='line_1_22' title="bbox 135 2048 928 2111; baseline -0.005 -11"><span class='ocrx_word' id='word_1_176' title='bbox 135 2050 266 2102; x_wconf 79' lang='lat' dir='ltr'><strong>dicuntur</strong></span> <span class='ocrx_word' id='word_1_177' title='bbox 277 2049 391 2099; x_wconf 77' lang='lat' dir='ltr'><strong>arbones</strong></span> <span class='ocrx_word' id='word_1_178' title='bbox 402 2048 504 2100; x_wconf 77' lang='lat' dir='ltr'><strong>vivere.</strong></span> <span class='ocrx_word' id='word_1_179' title='bbox 533 2050 657 2101; x_wconf 80' lang='lat' dir='ltr'><strong>Obsecro</strong></span> <span class='ocrx_word' id='word_1_180' title='bbox 669 2059 708 2111; x_wconf 84' lang='lat' dir='ltr'><strong>te,</strong></span> <span class='ocrx_word' id='word_1_181' title='bbox 719 2051 758 2100; x_wconf 89' lang='lat' dir='ltr'><strong>mi</strong></span> <span class='ocrx_word' id='word_1_182' title='bbox 768 2050 873 2111; x_wconf 79' lang='lat' dir='ltr'><strong>Lucili,</strong></span> <span class='ocrx_word' id='word_1_183' title='bbox 883 2048 928 2099; x_wconf 80' lang='lat' dir='ltr'><strong>los</strong></span> 
     </span>
     <span class='ocr_line' id='line_1_23' title="bbox 135 2119 929 2189; baseline -0.008 -18"><span class='ocrx_word' id='word_1_184' title='bbox 135 2135 259 2189; x_wconf 80' lang='lat' dir='ltr'><strong>agamus,</strong></span> <span class='ocrx_word' id='word_1_185' title='bbox 274 2125 316 2181; x_wconf 88' lang='lat' dir='ltr'><strong>ut,</strong></span> <span class='ocrx_word' id='word_1_186' title='bbox 328 2119 557 2185; x_wconf 77' lang='lat' dir='ltr'><strong>quemadmodum</strong></span> <span class='ocrx_word' id='word_1_187' title='bbox 568 2121 812 2187; x_wconf 81' lang='lat' dir='ltr'><strong>pretiosarerum,</strong></span> <span class='ocrx_word' id='word_1_188' title='bbox 828 2119 929 2171; x_wconf 70' lang='lat' dir='ltr'><strong>monita</strong></span> 
     </span>
     <span class='ocr_line' id='line_1_24' title="bbox 135 2189 978 2256; baseline -0.006 -14"><span class='ocrx_word' id='word_1_189' title='bbox 135 2197 297 2242; x_wconf 68' lang='lat' dir='ltr'><strong>nitati-anon</strong></span> <span class='ocrx_word' id='word_1_190' title='bbox 309 2197 404 2255; x_wconf 82' lang='lat' dir='ltr'><strong>pateat</strong></span> <span class='ocrx_word' id='word_1_191' title='bbox 415 2190 549 2252; x_wconf 87' lang='lat' dir='ltr'><strong>multum,</strong></span> <span class='ocrx_word' id='word_1_192' title='bbox 567 2189 616 2241; x_wconf 80' lang='lat' dir='ltr'><strong>sad</strong></span> <span class='ocrx_word' id='word_1_193' title='bbox 630 2191 747 2241; x_wconf 88' lang='lat' dir='ltr'><strong>multum</strong></span> <span class='ocrx_word' id='word_1_194' title='bbox 760 2189 874 2256; x_wconf 79' lang='lat' dir='ltr'><strong>pendat.</strong></span> <span class='ocrx_word' id='word_1_195' title='bbox 905 2189 929 2237; x_wconf 80' lang='lat' dir='ltr'><strong>d.</strong></span> <span class='ocrx_word' id='word_1_196' title='bbox 976 2217 978 2219; x_wconf 89' lang='lat'>·</span> 
     </span>
     <span class='ocr_line' id='line_1_25' title="bbox 134 2255 928 2327; baseline -0.009 -15"><span class='ocrx_word' id='word_1_197' title='bbox 134 2265 203 2312; x_wconf 79' lang='lat' dir='ltr'><strong>lictu</strong></span> <span class='ocrx_word' id='word_1_198' title='bbox 214 2260 293 2312; x_wconf 84' lang='lat' dir='ltr'><strong>illam</strong></span> <span class='ocrx_word' id='word_1_199' title='bbox 305 2260 464 2322; x_wconf 76' lang='lat' dir='ltr'><strong>metiamur,</strong></span> <span class='ocrx_word' id='word_1_200' title='bbox 476 2274 529 2311; x_wconf 87' lang='lat' dir='ltr'><strong>non</strong></span> <span class='ocrx_word' id='word_1_201' title='bbox 539 2268 674 2327; x_wconf 81' lang='lat' dir='ltr'><strong>tempore.</strong></span> <span class='ocrx_word' id='word_1_202' title='bbox 711 2261 762 2312; x_wconf 87' lang='lat' dir='ltr'><strong>Vis</strong></span> <span class='ocrx_word' id='word_1_203' title='bbox 774 2261 859 2321; x_wconf 81' lang='lat' dir='ltr'><strong>seire,</strong></span> <span class='ocrx_word' id='word_1_204' title='bbox 870 2255 928 2326; x_wconf 87' lang='lat' dir='ltr'><strong>quid</strong></span> 
     </span>
     <span class='ocr_line' id='line_1_26' title="bbox 135 2329 929 2398; baseline -0.001 -18"><span class='ocrx_word' id='word_1_205' title='bbox 135 2332 206 2383; x_wconf 87' lang='lat' dir='ltr'><strong>inter</strong></span> <span class='ocrx_word' id='word_1_206' title='bbox 221 2329 293 2380; x_wconf 81' lang='lat' dir='ltr'><strong>huno</strong></span> <span class='ocrx_word' id='word_1_207' title='bbox 308 2329 421 2380; x_wconf 82' lang='lat' dir='ltr'><strong>intersit</strong></span> <span class='ocrx_word' id='word_1_208' title='bbox 436 2337 836 2398; x_wconf 76' lang='lat' dir='ltr'><strong>vegetumoootomtoremque</strong></span> <span class='ocrx_word' id='word_1_209' title='bbox 850 2330 929 2381; x_wconf 79' lang='lat' dir='ltr'><strong>forn·</strong></span> 
     </span>
     <span class='ocr_line' id='line_1_27' title="bbox 135 2398 973 2468; baseline -0.005 -18"><span class='ocrx_word' id='word_1_210' title='bbox 135 2415 201 2460; x_wconf 84' lang='lat' dir='ltr'><strong>noe,</strong></span> <span class='ocrx_word' id='word_1_211' title='bbox 215 2398 340 2449; x_wconf 71' lang='lat' dir='ltr'><strong>functum</strong></span> <span class='ocrx_word' id='word_1_212' title='bbox 353 2399 479 2450; x_wconf 84' lang='lat' dir='ltr'><strong>omnibus</strong></span> <span class='ocrx_word' id='word_1_213' title='bbox 491 2400 567 2452; x_wconf 85' lang='lat' dir='ltr'><strong>vitae</strong></span> <span class='ocrx_word' id='word_1_214' title='bbox 577 2398 712 2450; x_wconf 86' lang='lat' dir='ltr'><strong>humanae</strong></span> <span class='ocrx_word' id='word_1_215' title='bbox 723 2401 882 2468; x_wconf 81' lang='lat' dir='ltr'><strong>stipendiis,</strong></span> <span class='ocrx_word' id='word_1_216' title='bbox 891 2405 929 2448; x_wconf 87' lang='lat' dir='ltr'><strong>at·</strong></span> <span class='ocrx_word' id='word_1_217' title='bbox 972 2406 973 2410; x_wconf 73' lang='grc'>’</span> 
     </span>
     <span class='ocr_line' id='line_1_28' title="bbox 135 2465 928 2536; baseline -0.001 -17"><span class='ocrx_word' id='word_1_218' title='bbox 135 2485 188 2536; x_wconf 87' lang='lat' dir='ltr'><strong>que</strong></span> <span class='ocrx_word' id='word_1_219' title='bbox 202 2469 230 2518; x_wconf 91' lang='lat' dir='ltr'><strong>in</strong></span> <span class='ocrx_word' id='word_1_220' title='bbox 245 2481 381 2518; x_wconf 87' lang='lat' dir='ltr'><strong>summum</strong></span> <span class='ocrx_word' id='word_1_221' title='bbox 398 2468 499 2519; x_wconf 87' lang='lat' dir='ltr'><strong>bonum</strong></span> <span class='ocrx_word' id='word_1_222' title='bbox 515 2471 574 2520; x_wconf 83' lang='lat' dir='ltr'><strong>eius</strong></span> <span class='ocrx_word' id='word_1_223' title='bbox 589 2476 729 2533; x_wconf 81' lang='lat' dir='ltr'><strong>evectum,</strong></span> <span class='ocrx_word' id='word_1_224' title='bbox 752 2479 782 2523; x_wconf 88' lang='lat' dir='ltr'><strong>et</strong></span> <span class='ocrx_word' id='word_1_225' title='bbox 795 2471 876 2521; x_wconf 90' lang='lat' dir='ltr'><strong>illum</strong></span> <span class='ocrx_word' id='word_1_226' title='bbox 889 2465 928 2518; x_wconf 81' lang='lat' dir='ltr'><strong>eui</strong></span> 
     </span>
     <span class='ocr_line' id='line_1_29' title="bbox 134 2538 928 2607; baseline -0.005 -16"><span class='ocrx_word' id='word_1_227' title='bbox 134 2539 292 2591; x_wconf 76' lang='lat' dir='ltr'><strong>multisoni</strong></span> <span class='ocrx_word' id='word_1_228' title='bbox 303 2539 458 2589; x_wconf 76' lang='lat' dir='ltr'><strong>transmissi</strong></span> <span class='ocrx_word' id='word_1_229' title='bbox 470 2538 552 2589; x_wconf 86' lang='lat' dir='ltr'><strong>suntl</strong></span> <span class='ocrx_word' id='word_1_230' title='bbox 567 2541 645 2591; x_wconf 79' lang='lat' dir='ltr'><strong>Alter</strong></span> <span class='ocrx_word' id='word_1_231' title='bbox 657 2548 722 2605; x_wconf 81' lang='lat' dir='ltr'><strong>post</strong></span> <span class='ocrx_word' id='word_1_232' title='bbox 734 2549 855 2592; x_wconf 81' lang='lat' dir='ltr'><strong>montem</strong></span> <span class='ocrx_word' id='word_1_233' title='bbox 867 2552 928 2607; x_wconf 81' lang='lat' dir='ltr'><strong>quo·</strong></span> 
     </span>
     <span class='ocr_line' id='line_1_30' title="bbox 135 2608 928 2679; baseline -0.008 -17"><span class='ocrx_word' id='word_1_234' title='bbox 135 2625 188 2679; x_wconf 79' lang='lat' dir='ltr'><strong>que</strong></span> <span class='ocrx_word' id='word_1_235' title='bbox 200 2608 330 2671; x_wconf 83' lang='lat' dir='ltr'><strong>eat,alter</strong></span> <span class='ocrx_word' id='word_1_236' title='bbox 342 2616 405 2658; x_wconf 86' lang='lat' dir='ltr'><strong>ante</strong></span> <span class='ocrx_word' id='word_1_237' title='bbox 416 2617 533 2661; x_wconf 89' lang='lat' dir='ltr'><strong>mortem</strong></span> <span class='ocrx_word' id='word_1_238' title='bbox 546 2611 638 2676; x_wconf 81' lang='lat' dir='ltr'><strong>petiit.</strong></span> <span class='ocrx_word' id='word_1_239' title='bbox 657 2609 818 2662; x_wconf 81' lang='lat' dir='ltr'><strong>Laudemus</strong></span> <span class='ocrx_word' id='word_1_240' title='bbox 832 2613 928 2677; x_wconf 79' lang='lat' dir='ltr'><strong>itaque,</strong></span> 
     </span>
     <span class='ocr_line' id='line_1_31' title="bbox 134 2675 923 2748; baseline -0.006 -14"><span class='ocrx_word' id='word_1_241' title='bbox 134 2689 164 2734; x_wconf 79' lang='lat' dir='ltr'><strong>ot</strong></span> <span class='ocrx_word' id='word_1_242' title='bbox 175 2681 201 2732; x_wconf 87' lang='lat' dir='ltr'><strong>ln</strong></span> <span class='ocrx_word' id='word_1_243' title='bbox 213 2694 327 2731; x_wconf 80' lang='lat' dir='ltr'><strong>numero</strong></span> <span class='ocrx_word' id='word_1_244' title='bbox 338 2675 462 2729; x_wconf 78' lang='lat' dir='ltr'><strong>felicium</strong></span> <span class='ocrx_word' id='word_1_245' title='bbox 474 2693 639 2745; x_wconf 82' lang='lat' dir='ltr'><strong>reponamus</strong></span> <span class='ocrx_word' id='word_1_246' title='bbox 651 2696 729 2743; x_wconf 78' lang='lat' dir='ltr'><strong>esim,</strong></span> <span class='ocrx_word' id='word_1_247' title='bbox 752 2683 800 2733; x_wconf 88' lang='lat' dir='ltr'><strong>oui</strong></span> <span class='ocrx_word' id='word_1_248' title='bbox 816 2686 923 2748; x_wconf 84' lang='lat' dir='ltr'><strong>quantu·</strong></span> 
     </span>
     <span class='ocr_line' id='line_1_32' title="bbox 133 2749 929 2818; baseline -0.001 -17"><span class='ocrx_word' id='word_1_249' title='bbox 133 2751 301 2818; x_wconf 87' lang='lat' dir='ltr'><strong>lumcunque</strong></span> <span class='ocrx_word' id='word_1_250' title='bbox 311 2749 444 2814; x_wconf 83' lang='lat' dir='ltr'><strong>temporis</strong></span> <span class='ocrx_word' id='word_1_251' title='bbox 459 2752 589 2816; x_wconf 82' lang='lat' dir='ltr'><strong>contigit,</strong></span> <span class='ocrx_word' id='word_1_252' title='bbox 609 2751 679 2800; x_wconf 84' lang='lat' dir='ltr'><strong>bene</strong></span> <span class='ocrx_word' id='word_1_253' title='bbox 697 2750 870 2802; x_wconf 81' lang='lat' dir='ltr'><strong>collocatum</strong></span> <span class='ocrx_word' id='word_1_254' title='bbox 883 2752 929 2800; x_wconf 78' lang='lat' dir='ltr'><strong>est·</strong></span> 
     </span>
     <span class='ocr_line' id='line_1_33' title="bbox 131 2817 982 2881; baseline -0.006 -9"><span class='ocrx_word' id='word_1_255' title='bbox 131 2822 212 2872; x_wconf 85' lang='lat' dir='ltr'><strong>Vidit</strong></span> <span class='ocrx_word' id='word_1_256' title='bbox 223 2821 294 2873; x_wconf 85' lang='lat' dir='ltr'><strong>enim</strong></span> <span class='ocrx_word' id='word_1_257' title='bbox 305 2833 397 2869; x_wconf 80' lang='lat' dir='ltr'><strong>veram</strong></span> <span class='ocrx_word' id='word_1_258' title='bbox 410 2820 507 2881; x_wconf 83' lang='lat' dir='ltr'><strong>locam,</strong></span> <span class='ocrx_word' id='word_1_259' title='bbox 519 2835 572 2870; x_wconf 88' lang='lat' dir='ltr'><strong>non</strong></span> <span class='ocrx_word' id='word_1_260' title='bbox 585 2819 639 2872; x_wconf 81' lang='lat' dir='ltr'><strong>luit</strong></span> <span class='ocrx_word' id='word_1_261' title='bbox 649 2835 719 2869; x_wconf 89' lang='lat' dir='ltr'><strong>unus</strong></span> <span class='ocrx_word' id='word_1_262' title='bbox 732 2837 747 2872; x_wconf 89' lang='lat' dir='ltr'><strong>e</strong></span> <span class='ocrx_word' id='word_1_263' title='bbox 759 2823 864 2873; x_wconf 85' lang='lat' dir='ltr'><strong>multis.</strong></span> <span class='ocrx_word' id='word_1_264' title='bbox 898 2817 928 2867; x_wconf 83' lang='lat' dir='ltr'><strong>El</strong></span> <span class='ocrx_word' id='word_1_265' title='bbox 981 2839 982 2843; x_wconf 41' lang='lat'>¹</span> 
     </span>
     <span class='ocr_line' id='line_1_34' title="bbox 132 2889 929 2957; baseline -0.001 -18"><span class='ocrx_word' id='word_1_266' title='bbox 132 2891 209 2953; x_wconf 73' lang='lat' dir='ltr'><strong>vivit,</strong></span> <span class='ocrx_word' id='word_1_267' title='bbox 228 2897 258 2942; x_wconf 86' lang='lat' dir='ltr'><strong>et</strong></span> <span class='ocrx_word' id='word_1_268' title='bbox 269 2889 348 2952; x_wconf 80' lang='lat' dir='ltr'><strong>vixit,</strong></span> <span class='ocrx_word' id='word_1_269' title='bbox 359 2896 397 2940; x_wconf 75' lang='lat' dir='ltr'><strong>vot</strong></span> <span class='ocrx_word' id='word_1_270' title='bbox 406 2892 505 2957; x_wconf 80' lang='lat' dir='ltr'><strong>viguit.</strong></span> <span class='ocrx_word' id='word_1_271' title='bbox 540 2889 566 2940; x_wconf 75' lang='grc' dir='ltr'><strong>ὃ.</strong></span> <span class='ocrx_word' id='word_1_272' title='bbox 586 2889 745 2956; x_wconf 75' lang='lat' dir='ltr'><strong>Aliquando</strong></span> <span class='ocrx_word' id='word_1_273' title='bbox 756 2907 858 2945; x_wconf 77' lang='lat' dir='ltr'><strong>aeream</strong></span> <span class='ocrx_word' id='word_1_274' title='bbox 869 2901 929 2941; x_wconf 81' lang='lat' dir='ltr'><strong>osus</strong></span> 
     </span>
     <span class='ocr_line' id='line_1_35' title="bbox 132 2958 928 3029; baseline -0.001 -19"><span class='ocrx_word' id='word_1_275' title='bbox 132 2969 188 3010; x_wconf 77' lang='lat' dir='ltr'><strong>est:</strong></span> <span class='ocrx_word' id='word_1_276' title='bbox 209 2960 369 3028; x_wconf 86' lang='lat' dir='ltr'><strong>aliquando,</strong></span> <span class='ocrx_word' id='word_1_277' title='bbox 381 2966 412 3011; x_wconf 89' lang='lat' dir='ltr'><strong>ut</strong></span> <span class='ocrx_word' id='word_1_278' title='bbox 422 2960 502 3021; x_wconf 86' lang='lat' dir='ltr'><strong>solet,</strong></span> <span class='ocrx_word' id='word_1_279' title='bbox 513 2958 598 3010; x_wconf 83' lang='lat' dir='ltr'><strong>validi</strong></span> <span class='ocrx_word' id='word_1_280' title='bbox 610 2959 711 3011; x_wconf 79' lang='lat' dir='ltr'><strong>sideris</strong></span> <span class='ocrx_word' id='word_1_281' title='bbox 721 2961 821 3029; x_wconf 78' lang='lat' dir='ltr'><strong>fulgor</strong></span> <span class='ocrx_word' id='word_1_282' title='bbox 847 2976 878 3013; x_wconf 81' lang='lat' dir='ltr'><strong>or</strong></span> <span class='ocrx_word' id='word_1_283' title='bbox 886 2973 928 3009; x_wconf 86' lang='lat' dir='ltr'><strong>nu·</strong></span> 
     </span>
     <span class='ocr_line' id='line_1_36' title="bbox 127 2978 927 3098; baseline -0.008 -18"><span class='ocrx_word' id='word_1_284' title='bbox 127 3029 186 3084; x_wconf 79' lang='lat' dir='ltr'><strong>olm</strong></span> <span class='ocrx_word' id='word_1_285' title='bbox 197 3030 331 3096; x_wconf 64' lang='lat' dir='ltr'><strong>emicuit·</strong></span> <span class='ocrx_word' id='word_1_286' title='bbox 358 3029 433 3092; x_wconf 71' lang='lat' dir='ltr'><strong>itum</strong></span> <span class='ocrx_word' id='word_1_287' title='bbox 445 3031 564 3098; x_wconf 77' lang='lat' dir='ltr'><strong>quaeris,</strong></span> <span class='ocrx_word' id='word_1_288' title='bbox 575 3029 707 3094; x_wconf 79' lang='lat' dir='ltr'><strong>quamdiu</strong></span> <span class='ocrx_word' id='word_1_289' title='bbox 715 2978 846 3084; x_wconf 44' lang='grc' dir='ltr'>νίκα-ιιι)</span> <span class='ocrx_word' id='word_1_290' title='bbox 856 3029 927 3081; x_wconf 76' lang='lat' dir='ltr'><strong>visis</strong></span> 
     </span>
     <span class='ocr_line' id='line_1_37' title="bbox 120 3098 928 3178; baseline -0.01 -21"><span class='ocrx_word' id='word_1_291' title='bbox 120 3104 162 3157; x_wconf 82' lang='lat' dir='ltr'><strong>od</strong></span> <span class='ocrx_word' id='word_1_292' title='bbox 172 3110 311 3178; x_wconf 70' lang='lat' dir='ltr'><strong>posteros</strong></span> <span class='ocrx_word' id='word_1_293' title='bbox 323 3116 429 3174; x_wconf 59' lang='lat' dir='ltr'><strong>usque}</strong></span> <span class='ocrx_word' id='word_1_294' title='bbox 442 3101 877 3163; x_wconf 71' lang='lat' dir='ltr'><strong>taanail&#39;iat‚ataa&#39;xnmamutiam</strong></span> <span class='ocrx_word' id='word_1_295' title='bbox 886 3098 928 3150; x_wconf 81' lang='lat' dir='ltr'><strong>de·</strong></span> 
     </span>
    </p>
   </div>
   <div class='ocr_carea' id='block_1_4' title="bbox 0 0 986 3434">
    <p class='ocr_par' dir='ltr' id='par_1_4' title="bbox 0 0 986 3434">
     <span class='ocr_line' id='line_1_38' title="bbox 0 0 986 3434; baseline 0 0"><span class='ocrx_word' id='word_1_296' title='bbox 0 0 986 3434; x_wconf 95' lang='lat' dir='ltr'><strong> </strong></span> 
     </span>
    </p>
   </div>
  </div>
 </body>
</html>
