1838 3456
282 473 567 530 EPlSTOLAE.
604 477 646 528 77.
812 475 865 528 219

37 595 147 646 nidus
161 604 236 655 erat,
259 594 286 644 id
298 594 338 644 illi
351 594 494 658 suadebat,
506 595 580 663 quod
593 595 644 647 sibi
656 596 801 658 suasisset,
817 605 867 646 sut

58 666 119 784 {⁰⁵³
130 664 267 715 adulator
283 669 310 715 et
319 662 452 728 blandus,
472 665 501 715 id
514 666 660 717 consilium
672 665 771 726 dabat,
792 664 865 733 quod

40 730 47 798 ᾗ
74 734 228 785 eliberanti
240 734 347 798 gratius
357 731 418 786 fore
428 735 630 801 suspicabatur.
650 736 760 785 Amicus
771 742 866 785 noster

36 818 43 842 a
58 796 183 865 Stoicus,
206 799 290 853 bomo
302 803 442 870 egregius,
463 811 501 864 et,
513 810 544 853 ut
556 804 646 855 rerbis
658 803 748 865 illum,
766 804 866 871 quibus

33 914 34 917 ,
58 866 167 922 laudari
187 871 215 920 di
240 887 290 920 nus
310 878 363 934 est,
384 871 505 934 laudem,
525 873 568 922 vir
583 870 667 923 fortis
683 879 866 934 acstrenuus,

15 990 20 994 ,
58 939 169 991 ridetur
184 886 252 989 miii
265 942 369 1007 optime
384 941 462 991 illum
476 938 648 994 cohortatus.
686 941 712 994 6.
734 940 781 992 Sic
793 942 865 992 enim

58 1011 163 1076 coepit:
186 1009 324 1070 „Noli,mi
337 1008 511 1073 Marcelline,
531 1012 667 1079 torqueri,
691 1016 820 1077 tanquam
834 1009 867 1062 de

56 1094 85 1129 re
107 1093 214 1144 uragna
238 1077 385 1131 deliberes.
422 1078 484 1131 Non
505 1086 548 1131 est
570 1094 614 1131 ros
635 1094 742 1147 magna,
766 1081 867 1131 virere.

18 1173 21 1202 ;
57 1147 164 1199 Omnes
174 1149 250 1197 servi
263 1148 304 1197 tui
316 1148 425 1210 vivunt,
446 1149 540 1200 omnia
555 1151 697 1200 anirualio.
735 1149 867 1216 Magnum

57 1227 105 1277 est,
118 1215 240 1268 honeste
253 1217 334 1280 mori,
347 1218 505 1283 prudenter,
519 1218 642 1270 sortiter.
659 1219 760 1284 Cogito
771 1233 866 1286 quom-

55 1287 101 1337 din
124 1288 182 1337 iam
204 1285 279 1335 idom
299 1285 396 1337 iacias.
434 1288 527 1348 Cibus,
549 1304 671 1350 somnus,
693 1287 795 1351 libid03
818 1302 870 1354 per

3 1392 4 1396 ,
55 1354 126 1406 bunc
138 1355 275 1406 circulum
287 1356 418 1407 curritur.
445 1356 866 1425 lllorirollenontantumpro-

55 1425 123 1477 dens
138 1434 168 1476 et
181 1423 273 1486 fortis,
293 1430 342 1475 aut
358 1427 451 1486 miser,
471 1425 519 1476 sed
537 1427 620 1477 etiam
637 1425 801 1476 fastidiosus
817 1441 866 1494 po·

54 1498 141 1546 test.“
167 1493 228 1546 Non
242 1509 311 1560 opus
324 1501 385 1546 crat
395 1508 509 1546 suasore
520 1494 574 1557 illi,
584 1496 632 1545 sed
645 1493 781 1545 adiutore.
801 1494 867 1545 Ser·

54 1567 80 1614 ri
94 1578 197 1630 parere
211 1563 353 1627 nolebant.
379 1565 404 1614 t.
416 1563 536 1613 Primum
552 1562 744 1614 detruxitillis
754 1569 867 1622 metum,

54 1642 83 1685 et
94 1632 245 1694 indicarit,
265 1640 331 1684 tunc
347 1630 481 1683 familiam
501 1631 655 1699 periculum
672 1631 762 1692 odire,
783 1646 866 1697 quom

53 1704 197 1754 incertum
210 1707 298 1761 esset,
320 1717 354 1752 an
371 1716 447 1752 mors
464 1701 568 1753 domini
580 1701 740 1752 voluntaria
751 1700 867 1752 luisset:

17 1794 23 1807 ·
55 1771 182 1838 alioquin
200 1777 256 1821 tam
273 1770 339 1822 nrali
355 1770 475 1838 exempli
488 1779 562 1822 esset
578 1771 705 1822 occidere
718 1769 868 1832 dominum,

56 1857 137 1908 quam
149 1839 309 1906 prohibere.
342 1839 450 1892 Deinde
464 1841 553 1906 ipsum
566 1840 760 1893 Marcellinum
775 1841 869 1892 admo·

57 1909 868 1979 nuit,nonesseinbumanum,quemadnrodumcoenaper·

58 1988 122 2031 acta
137 1979 277 2046 reliquiae
293 1977 537 2029 circumstantibus
555 1978 732 2039 dividuntur,
754 1980 795 2028 sic
806 1993 868 2044 per·

3 2086 4 2089 κ
60 2058 123 2101 scta
143 2049 205 2100 rita
215 2046 325 2114 'aliquid
339 2050 444 2115 porrigi
464 2046 522 2108 his,
544 2049 591 2114 qui
601 2047 688 2097 totius
700 2046 775 2097 ritae
788 2048 868 2097 mini·

0 2142 3 2182 J
59 2123 109 2170 stri
121 2117 253 2170 luissent.
291 2118 358 2167 Erat
369 2116 553 2167 Marcellinus
571 2114 665 2166 facilis
677 2115 772 2175 animi,
794 2122 822 2165 et
834 2115 871 2165 li-

59 2187 172 2249 letalis,
185 2189 270 2239 etiam
285 2200 366 2251 quum
378 2186 412 2236 de
424 2200 474 2236 suo
486 2185 575 2238 lieret.
601 2185 626 2236 8.
639 2185 764 2235 Minutas
775 2183 871 2250 itaque

59 2256 214 2308 summulas
232 2254 376 2306 distribuit
392 2254 522 2306 flentibus
536 2254 640 2318 serris,
663 2260 691 2306 et
710 2252 776 2305 illos
796 2252 870 2304 ultro

58 2326 222 2379 consolatus
233 2332 285 2377 est.
324 2325 384 2376 Non
396 2321 452 2374 luit
463 2323 506 2375 illi
519 2339 588 2390 crpus
599 2321 684 2386 ferro,
696 2340 748 2375 non
761 2324 871 2391 sangui·

59 2413 105 2450 ne:
127 2394 226 2447 triduo
238 2393 383 2455 abstinuit,
404 2400 434 2446 et
448 2393 476 2445 ln
491 2395 550 2460 ipso
563 2392 692 2446 cubiculo
702 2395 766 2462 poni
780 2392 870 2445 taber·

59 2465 189 2518 naculum
206 2463 298 2515 iussit.
334 2459 439 2514 Solium
457 2464 557 2515 deinde
572 2463 679 2514 illatum
693 2472 749 2525 est,
772 2465 798 2514 in
816 2475 870 2530 quo

58 2536 103 2587 diu
116 2535 219 2595 iacuit,
241 2538 270 2585 et
282 2531 374 2584 calida
387 2533 502 2585 subinde
514 2534 629 2596 suffusa,
650 2533 785 2599 paulatim
797 2532 871 2582 dele·

57 2608 111 2657 cit:
124 2609 158 2656 ut
171 2604 278 2664 aicbat,
289 2617 344 2652 non
357 2605 417 2653 sine
428 2604 546 2670 quadam
560 2603 715 2667 voluptate:
734 2615 815 2664 quam
829 2599 870 2651 al·

60 2675 133 2726 lerre
146 2673 224 2725 solet
234 2671 471 2734 lenisdissolutio,
484 2673 691 2736 noninexporta
701 2668 789 2728 nobis,
802 2683 871 2736 quos

57 2741 215 2814 aliquando
227 2741 433 2808 liquitanimus.
468 2741 530 2793 liin
544 2739 675 2790 fabellam
688 2739 805 2801 excessi,
816 2753 870 2789 non

55 2816 200 2883 ingratam
213 2809 281 2862 tibi:
293 2811 399 2861 exitum
412 2809 484 2861 enim
497 2808 578 2858 amici
592 2808 633 2858 tui
645 2819 804 2875 cognosces,
817 2822 871 2857 non

55 2882 216 2941 difficilem,
227 2895 279 2932 nec
290 2879 430 2930 miserum.
454 2878 586 2940 Quamvis
598 2877 671 2927 enim
684 2881 803 2927 mortem
815 2875 871 2928 sibi

55 2951 241 3012 consciverit,
263 2955 356 3001 tomen
368 2947 533 2999 mollissime
543 2945 672 3007 excessit,
692 2951 720 2996 ct
731 2944 805 2998 ritae
817 2944 871 2998 ela-

72 3038 120 3074 sus
132 3027 189 3074 est.
220 3017 273 3070 Sed
285 3033 318 3069 ne
328 3017 439 3068 inutilis
452 3016 562 3084 quidem
575 3015 643 3066 hoec
656 3013 760 3066 labella
772 3013 869 3068 fuerit.

51 3037 145 3153 Breve
156 3089 232 3140 enlm
248 3088 318 3138 tolia
335 3087 465 3156 exeorpla
482 3088 639 3143 necessitas
650 3085 752 3157 erigii.
784 3086 884 3153 bueus
