1942 3360
237 557 272 610 50
521 555 743 611 samacha

237 679 313 730 illam
324 679 434 731 virtutis
446 694 508 732 essa
522 677 664 743 dixerunt3
686 679 735 731 alii
750 676 874 731 stadium
892 691 942 731 sor

238 748 409 800 daemoniis.
444 751 466 800 Α
478 748 640 816 quibusdam
653 748 727 801 dicta
739 755 780 799 est
790 748 928 815 appetitio
941 764 943 799 l

239 819 364 870 rationis.
399 817 470 870 lllud
483 819 560 885 quasi
572 828 692 880 constet,
711 818 816 887 aliquid
827 819 903 870 inter
915 817 943 885 pl

240 887 331 955 phiam
342 894 370 939 et
380 890 544 956 sapientiam
557 890 698 939 interesse.
734 886 760 940 5.
779 888 875 953 Neque
887 889 943 938 enir

239 965 343 1024 potest,
361 963 392 1009 ut
402 957 473 1008 idem
484 957 521 1008 sit
533 958 605 1024 quod
617 957 773 1018 affectatur,
787 966 816 1008 st
824 957 899 1022 quod
910 958 943 1008 all

240 1026 384 1091 Quomodo
400 1026 513 1077 multum
531 1027 604 1077 inter
619 1027 764 1078 avaritiam
780 1034 810 1076 et
828 1027 943 1091 pecunia

241 1103 334 1157 terent,
347 1111 426 1163 quum
439 1095 609 1162 discupiat,
623 1095 689 1147 haec
699 1096 923 1160 concupiscatur:
940 1113 943 1144 r

241 1177 285 1218 ter
296 1163 496 1233 philosophiam
508 1171 537 1216 et
552 1165 726 1231 sapientiam.
763 1165 841 1216 llaec
861 1165 933 1215 enim

242 1235 356 1287 effectus
370 1240 398 1284 et
416 1234 566 1298 praemium
584 1241 640 1285 est:
663 1235 713 1286 illa
724 1234 814 1294 venit,
836 1232 871 1284 ad
885 1231 943 1284 ham

241 1302 382 1369 Sapientia
392 1310 443 1363 et,
453 1302 639 1369 quamGraeci
649 1307 740 1369 capior
750 1311 857 1353 vocant
876 1302 939 1353 lloc

241 1386 347 1438 quoque
362 1372 480 1423 Romani
500 1372 663 1432 utebantur,
682 1372 754 1421 sicut
769 1371 943 1438 philosophis

240 1456 347 1508 quoquo
358 1448 481 1506 utuntur.
499 1440 611 1502 (hQuod
622 1450 650 1493 et
658 1441 943 1508 togataetibiantiqua

241 1509 350 1573 habunt,
361 1519 389 1561 ct
400 1510 550 1577 inscriptus
562 1512 697 1562 Dossenni
710 1517 887 1561 monumento
899 1511 943 1562 un

300 1579 402 1646 Hospes
413 1580 515 1643 resiste,
527 1579 684 1648 strophium
693 1577 825 1631 Dossenni
834 1582 902 1648 iege.

240 1649 357 1712 Quidam
369 1664 403 1701 ox
415 1651 654 1716 nostris,quamvis
665 1647 837 1715 philosophia
849 1649 943 1701 studio

238 1721 306 1771 tutis
319 1726 402 1780 essct,
414 1726 441 1771 ot
453 1719 520 1771 haec
530 1718 735 1786 peteretur,illa
746 1726 861 1786 peteret,
872 1725 943 1771 tamt

239 1794 405 1855 putaverunt
420 1788 484 1838 illas
500 1787 614 1838 distrahi
631 1803 718 1855 posse.
755 1789 823 1839 Naar
841 1803 893 1839 noc
909 1788 943 1856 ph

239 1855 303 1923 phia
312 1856 371 1907 sinc
381 1857 482 1907 virtute
493 1863 548 1914 cst,
565 1872 615 1908 neo
626 1859 684 1908 sine
697 1854 873 1923 philosophia
882 1859 943 1911 virtu

238 1929 263 1977 7.
282 1922 460 1992 Philosophia
473 1923 592 1976 studium
610 1926 720 1976 virtutis
737 1933 791 1987 est,
813 1926 861 1977 sed
879 1941 931 1992 per

241 1997 382 2046 virtutem:
403 2009 453 2047 nec
468 1994 556 2044 virtus
571 2001 661 2046 autom
678 2011 738 2046 essa
754 1997 814 2047 sine
825 1996 944 2049 studius

239 2071 359 2127 testare
371 2064 481 2115 virtutis
491 2064 611 2115 studium
623 2066 683 2116 sino
694 2066 762 2131 ipss.
781 2065 843 2117 Non
855 2070 929 2118 enim
941 2090 943 2109 ι

239 2135 386 2188 admodum
402 2135 429 2185 in
448 2133 490 2186 his
505 2134 550 2202 qui
569 2134 672 2202 aliquid
689 2149 722 2186 er
739 2133 854 2185 distanti
870 2136 933 2189 loco

240 2212 384 2267 conantur,
399 2205 465 2256 alibi
477 2207 575 2271 estqui
587 2204 667 2272 petit,
683 2203 749 2255 alibi
761 2205 834 2272 quod
846 2206 943 2270 potitur

238 2273 467 2342 quemadmodum
480 2275 580 2327 itinera
591 2289 660 2340 quac
671 2273 705 2324 ad
719 2275 800 2325 urbes
811 2273 943 2339 perducor

238 2353 283 2411 tra
294 2346 369 2410 ipsas
378 2352 452 2395 sunt.
488 2343 528 2394 hd
541 2343 670 2395 uirtutem
681 2343 790 2393 venitur
801 2357 851 2408 per
863 2343 943 2411 ipsao

237 2411 353 2463 haerent
365 2428 430 2479 ergo
443 2413 516 2464 inter
526 2429 556 2464 sc
568 2409 743 2478 philosophia
753 2413 906 2479 uirtusque.
929 2413 943 2464 8

236 2481 381 2548 losophiae
392 2490 448 2534 tres
460 2487 552 2548 partos
564 2497 623 2534 osso
634 2482 763 2533 dixerunt
774 2482 943 2534 otmaximii

236 2551 301 2602 rimi
321 2561 460 2603 auctores:
481 2550 623 2613 moralem,
639 2551 801 2615 naturalem,
817 2553 943 2603 atratino

236 2620 328 2672 Prima
345 2623 483 2687 componit
498 2620 633 2680 animum,
653 2619 774 2672 secunda
789 2636 882 2673 rerum
904 2636 943 2673 nai

236 2690 488 2753 contraluctaris
509 2691 695 2755 proprietates
715 2690 864 2742 verborum
888 2692 943 2759 erip

236 2769 418 2819 strumarum,
440 2768 467 2811 et
482 2759 749 2825 argumentationes,
769 2775 803 2814 ns
819 2774 870 2827 pro
882 2776 943 2813 rore

235 2838 392 2896 surrepant.
428 2829 554 2880 Ceterum
565 2829 645 2880 inriti
658 2835 735 2891 suot,
757 2837 786 2882 et
799 2830 846 2896 qui
861 2835 890 2881 in
900 2845 943 2897 pm

236 2895 458 2964 philosophiam,
478 2906 505 2949 et
517 2899 600 2965 quiin
614 2898 693 2964 plura
704 2898 873 2951 diducerent.
911 2901 943 2963 Qu

236 2981 271 3017 cx
290 2967 484 3034 Peripateticis
502 2976 625 3034 quartam
643 2981 748 3036 partem
765 2970 941 3031 adiecerunt,

229 3033 303 3089 lom:
327 3037 393 3107 quia
408 3038 543 3105 quandam
561 3038 699 3104 propriam
715 3040 943 3090 exercitationem

228 3108 323 3189 deret,
349 3116 380 3166 ct
402 3109 480 3165 eirca
500 3109 586 3163 aliam
604 3109 748 3163 materiam
765 3113 900 3176 occupata
922 3108 943 3160 si
