1928 3620
284 111 573 165 uersrocic.
609 75 652 166 eo.
828 117 864 168 ao

100 232 429 299 aggeruntnrvulgnrie
438 233 610 298 bune‚supre
621 250 664 286 res
673 235 863 286 subseminet:

71 360 81 369 ,Ἰ
106 306 110 310 ’
123 301 233 368 aliquid
245 316 279 353 es
291 301 351 351 istis
363 302 405 353 vel
417 304 510 354 onmia
522 317 602 354 casus
617 306 753 365 excussit,
771 306 863 356 minor

124 372 165 421 it.
203 370 235 421 Si
258 373 285 420 in
304 371 420 422 Parthie
440 379 522 422 natus
544 380 630 434 esset,
653 389 745 425 arcum
769 373 862 424 infans

113 442 148 490 'm
163 440 306 491 tenderet:
322 444 346 491 si
359 442 386 491 in
397 441 561 503 Germania,
573 444 699 507 protinus
710 457 779 508 puer
789 448 862 494 tene·

79 526 113 559 m
125 509 233 559 bestile
246 509 381 561 vibraret:
397 511 421 559 si
432 525 546 561 erorum
558 517 715 561 nostrorum
729 517 861 578 tempori-

51 574 105 628 ,lbus
119 577 235 639 luisset,
255 578 397 643 equitare,
413 587 441 630 et
452 577 559 631 hostem
573 580 700 632 cominus
719 588 862 645 percutere

58 646 210 699 didicisset.
248 647 327 698 llaec
336 649 453 715 singulis
466 649 611 714 discipline
620 650 713 715 gentis
723 663 790 699 sune
801 664 863 699 sua·

41 759 46 781 ,
60 716 117 776 det,
141 727 172 768 et
192 717 321 781 imperat.
357 720 382 770 8.
402 718 477 780 Quid
498 732 566 784 ergo
586 717 651 769 huic
673 718 862 769 meditandum

41 786 114 855 fest:
136 785 214 852 quod
226 785 359 837 adversus
370 788 464 837 omnia
475 787 541 849 tela,
553 787 624 854 quod
637 787 770 839 adsersus
782 788 862 838 orumx

41 853 180 905 bostium
204 870 291 920 genus
318 857 387 906 bene
413 854 497 917 lacit,
522 865 639 909 mortem
667 864 860 909 contemnere:

56 939 126 989 quac
136 925 204 990 quin
217 921 318 975 hebeat
328 924 355 974 in
366 940 398 976 se
408 925 516 991 aliquid
527 926 663 987 terribile,
674 933 743 978 utet
755 927 862 978 animos

35 1030 36 1046 2
57 1000 186 1055 nostrus,
197 1008 267 1056 quos
277 996 304 1043 in
318 1006 439 1044 amorem
452 995 494 1045 sul
507 1003 608 1046 notura
618 994 762 1057 formavit,
778 994 864 1046 offen·

32 1106 34 1116 η,
55 1064 113 1122 det,
122 1076 209 1114 nemo
220 1061 344 1113 dubitat:
361 1078 411 1114 nec
422 1062 494 1115 enim
507 1078 577 1129 opus
588 1069 662 1116 esset
673 1066 702 1114 in
714 1064 743 1114 id
753 1078 862 1129 compa·

32 1139 34 1160 ³
55 1133 111 1183 rari
132 1139 163 1184 et
184 1133 264 1192 acui,
286 1131 312 1181 in
333 1133 407 1197 quod
422 1132 554 1183 instinctu
571 1133 691 1200 quodem
704 1133 862 1183 voluntario

54 1204 172 1260 iremus,
182 1201 258 1252 sicut
269 1199 395 1253 feruntur
406 1216 502 1253 omnes
512 1201 547 1252 ad
557 1204 796 1253 conservationem
808 1200 860 1252 sui.

32 1299 40 1334 3<
53 1270 80 1323 0.
98 1270 191 1323 Nemo
203 1270 295 1330 discit,
306 1279 346 1332 ut,
358 1272 381 1321 si
394 1286 508 1324 necesse
520 1271 619 1333 fuerit,
631 1286 719 1337 nequo
729 1271 821 1322 auimo
833 1269 861 1321 in

32 1336 40 1378 :²
53 1355 121 1393 ross
138 1342 247 1391 iacent:
267 1340 359 1391 sedin
376 1340 575 1403 inceduntur,
597 1347 629 1392 ut
642 1343 790 1392 tormentis
808 1356 862 1392 uon

37 1420 40 1439 ³
55 1409 205 1461 submittet
220 1408 319 1461 tidem:
336 1416 376 1471 ut,
391 1409 418 1460 si
430 1425 543 1462 necesse
555 1409 656 1474 luerit,
678 1417 756 1462 stans
776 1409 862 1463 etium

56 1478 350 1546 aliquandoscucius,
366 1480 506 1545 provallo
523 1481 687 1548 pervigilet,
704 1488 733 1533 et
751 1495 786 1532 ne
803 1480 861 1546 pilo

31 1584 40 1615 3
56 1550 167 1617 quidem
189 1549 345 1609 incumbat,
365 1549 431 1614 quia
445 1549 518 1601 solet
534 1551 669 1615 obrepere
683 1550 795 1600 iuterim
818 1563 863 1598 so·

32 1654 38 1683 3
59 1634 137 1670 usus
149 1619 176 1668 in
188 1617 303 1684 aliquod
314 1618 514 1669 adminiculum
526 1619 679 1671 reclinatis.
711 1618 790 1669 Mors
803 1616 864 1667 nul·
876 1646 877 1649 =

33 1695 34 1700 ’
59 1688 113 1742 tun
126 1687 213 1739 habet
226 1686 440 1738 incommodum.
478 1690 545 1740 Esse
558 1689 630 1739 enim
648 1688 731 1738 debet
748 1685 865 1752 aliquid,

60 1759 134 1811 cuius
146 1759 186 1808 sit
195 1755 413 1807 incommodum.
451 1754 491 1806 lo.
515 1756 623 1819 Quodsi
636 1762 715 1807 tonte
726 1754 864 1820 cupiditas

59 1827 194 1894 longioris
210 1828 271 1877 acri
284 1831 313 1878 te
328 1833 419 1888 tenet,
436 1825 540 1892 cogita,
558 1825 625 1877 nibil
638 1840 733 1877 eorum
747 1839 816 1890 quuc
828 1825 864 1876 cb

32 1903 38 1930 ³³
60 1899 145 1949 oeulis
168 1898 288 1958 abeunt,
300 1896 368 1947 etin
380 1909 472 1947 rerum
484 1903 626 1959 naturam,
642 1910 678 1947 ex
689 1909 743 1961 quo
754 1894 864 1962 prodie-

33 1971 39 1996 ὲ
60 1978 129 2029 runt,
140 1983 175 2018 ec
186 1980 251 2016 mox
265 1972 509 2031 processurcsunt‚
521 1965 717 2028 reconduntur,
729 1965 863 2018 consumi.

61 2034 279 2095 uninomina,
298 2050 351 2084 non
364 2042 490 2100 pereunt.
526 2036 563 2087 Et
578 2051 665 2098 mors,
682 2050 762 2102 quam
776 2037 861 2102 perti·

60 2109 204 2159 suescimus
216 2120 249 2155 ac
260 2117 433 2165 recusemus,
451 2104 614 2157 intermittit
627 2105 725 2164 vitem,
744 2120 798 2155 non
811 2104 863 2155 eri·

59 2177 110 2243 pit:
131 2176 228 2226 veniet
244 2176 361 2233 iterum,
379 2173 425 2240 qui
441 2189 490 2224 nos
508 2176 537 2225 in
553 2175 641 2227 lucem
660 2181 777 2239 reponat
793 2174 863 2232 dies,

33 2261 37 2275 ³
59 2261 136 2312 quem
150 2243 234 2296 multi
248 2249 424 2304 recusarent,
434 2245 487 2295 nisi
500 2244 604 2295 oblitos
617 2242 771 2295 reduceret.
808 2238 863 2291 Sed

39 2337 40 2341 ¹
60 2324 156 2381 postea
167 2312 335 2379 diligentius
347 2312 466 2374 docebo,
482 2315 576 2365 omnia
586 2327 657 2380 queo
673 2311 801 2362 videntur
816 2323 863 2375 pe·

37 2379 40 2412 ³
57 2386 126 2448 rire,
148 2384 264 2436 mutari.
305 2382 344 2433 ll.
369 2386 463 2448 Aequo
491 2383 583 2433 unimo
611 2380 695 2432 debet
721 2378 863 2431 rediturus

33 2449 36 2463 '
57 2457 142 2508 esire.
179 2453 310 2507 Observa
330 2452 425 2501 orbem
445 2466 536 2502 rerum
560 2452 587 2501 in
609 2466 640 2501 se
663 2449 862 2501 remeantium:

56 2523 163 2576 ridebis
174 2526 203 2573 in
215 2520 382 2571 boemundo
397 2519 465 2571 nibil
479 2520 632 2593 exstingui,
641 2519 692 2572 sed
700 2518 811 2572 sitibus
819 2517 869 2571 de·

52 2595 192 2649 medere,
204 2604 240 2638 sc
251 2604 412 2659 resurgere.
443 2595 548 2650 Aestas
561 2596 633 2663 obit,
643 2593 695 2650 scd
706 2593 783 2650 ulter
794 2603 890 2644 nunus

31 2657 116 2704 'lana
136 2656 278 2708 adducet:
304 2658 400 2718 biems
427 2670 555 2741 cecidit,
586 2672 722 2730 tolerent
743 2668 834 2724 'illam
857 2657 912 2715 ml
