1838 3456
171 587 223 640 222
458 582 679 637 SENECAE

336 738 585 791 urlsrolra
621 737 806 790 cxxvlll.

170 808 203 852 De
210 805 295 850 morbis
306 807 365 855 treis,
375 808 446 850 etium
456 808 483 850 in
492 807 628 850 irruentutsr
640 812 663 848 et
672 818 732 860 puae
739 805 765 848 iu
777 804 808 848 iis
819 804 894 847 sinin

196 861 308 912 Honesta,
320 862 406 919 inquil,
417 863 505 908 irradia,
518 862 617 917 itemque
628 859 702 903 amici
709 882 715 902 .·
731 861 894 902 eedremeeiior

198 918 307 965 medium.
319 923 465 973 contnnptus
477 917 565 959 mortis.
589 915 624 958 Eo
634 920 705 959 vocat
714 914 856 965 Lucilium
865 921 887 958 et

199 975 303 1018 dolorem
311 976 384 1031 plera
395 973 497 1021 disserit.
508 973 567 1020 elta,
578 972 693 1017 animem.
704 984 769 1014 uera.

226 1047 328 1098 Vexari
340 1053 367 1097 te
379 1046 617 1098 destinationibus
632 1044 748 1106 crebris,
773 1059 807 1095 ae
823 1043 894 1095 iebri

171 1132 242 1185 quae
258 1117 358 1184 longas
375 1116 578 1167 destillationes
591 1120 620 1166 et
637 1114 664 1164 in
681 1113 894 1166 consuetudines

172 1187 271 1238 ducias
283 1194 443 1252 sequuntur,
456 1201 488 1236 eo
501 1185 646 1236 molestius
659 1184 727 1233 mibi
741 1190 794 1244 est,
807 1185 894 1250 quiae

172 1263 217 1307 tus
229 1271 288 1306 sum
302 1253 354 1305 hoe
365 1269 451 1321 genus
462 1253 642 1305 valetudinis:
654 1253 726 1320 quod
741 1253 818 1304 inter
830 1254 893 1304 initi

171 1324 260 1376 tenisi.
294 1324 407 1374 Poterat
418 1322 508 1374 adhuc
520 1322 711 1374 adolescentia
723 1324 842 1374 iniurias
856 1323 894 1374 ier

170 1408 200 1445 se
222 1392 353 1444 adversus
374 1392 487 1443 morbos
510 1393 712 1443 contumaciter
733 1406 848 1460 gerere:
882 1392 894 1444 d

171 1462 317 1523 succubui,
339 1468 367 1513 et
378 1476 411 1514 eo
425 1462 574 1529 perductus
586 1475 659 1520 sum,
679 1469 710 1512 ut
724 1463 787 1528 ipse
797 1462 894 1515 destill

171 1532 213 1584 Ad
225 1546 359 1583 summam
373 1532 487 1583 maciem
502 1531 650 1592 deductus,
672 1545 757 1598 saepe
768 1533 894 1599 impetun

173 1602 379 1668 abrumpendae
390 1601 476 1653 vitae:
493 1602 581 1667 patris
594 1615 637 1653 me
648 1601 890 1666 indulgentissimi

172 1680 232 1722 etus
244 1672 369 1722 retinuit.
406 1671 538 1738 Cogitavi
548 1672 631 1730 enim,
643 1685 695 1720 non
708 1684 792 1736 quarn
804 1670 894 1722 fortite

173 1741 244 1791 niori
256 1755 382 1805 possem,
401 1740 450 1790 sed
464 1741 606 1806 quentilla
621 1739 735 1791 fortiter
750 1739 894 1794 desideras

172 1815 275 1875 posset.
296 1810 320 1859 2.
333 1809 431 1875 ltaque
442 1810 576 1874 imperari
590 1808 655 1860 mibi
667 1816 697 1859 ut
709 1811 842 1863 viverem.
853 1811 894 1863 Ali

173 1877 209 1928 do
229 1878 303 1928 enim
326 1882 354 1928 et
368 1879 469 1939 virere,
491 1877 605 1930 fortiter
621 1877 715 1930 iacere
731 1887 784 1930 est.
822 1881 894 1942 Quas

172 1953 237 1998 tune
247 1945 353 1997 luerint
364 1946 478 2009 solatio,
489 1948 592 2000 dicam:
603 1948 626 1999 sl
638 1948 713 2015 prius
727 1946 782 2001 boe
793 1948 894 2003 dixere

171 2017 233 2082 ipsa
245 2016 344 2082 quibus
355 2019 579 2083 acquiescebam,
601 2018 754 2069 medicinae
767 2021 823 2069 rim
842 2019 895 2071 bab

170 2089 200 2137 ln
222 2085 374 2137 remedium
397 2085 498 2138 cedunt
520 2087 637 2139 honesta
656 2086 773 2139 solatia:
795 2096 826 2138 et
848 2089 894 2155 qui

170 2157 292 2206 animum
305 2157 405 2219 erexit,
426 2159 509 2208 eiiam
521 2156 631 2223 corpori
642 2154 765 2223 prodest.
803 2157 894 2210 Studit

171 2232 270 2277 nostra
284 2225 367 2275 saluti
383 2223 506 2277 fuerunt.
543 2224 741 2292 Philosophiae
760 2235 894 2294 aceeptun

171 2293 243 2359 quod
255 2294 371 2354 surrexi,
383 2294 456 2360 quod
468 2295 611 2347 convaluis
630 2296 674 2347 illl
687 2297 771 2347 vitam
786 2296 888 2359 debeo,

171 2360 209 2412 hil
226 2363 268 2412 illi
284 2363 376 2412 minus
391 2364 489 2415 debeo.
527 2363 552 2415 3.
575 2365 693 2416 Multum
711 2365 779 2416 milri
799 2366 894 2417 cantol

171 2430 205 2483 ad
216 2432 317 2482 bonam
328 2431 516 2484 valetudinem
530 2435 621 2493 amici,
643 2449 759 2500 quorum
773 2434 894 2488 adborts

169 2502 231 2563 bus,
253 2499 370 2567 vigiliis,
392 2503 568 2553 sermonibus
589 2503 743 2555 allevabar.
782 2503 861 2556 Nihil
885 2522 894 2556 r

171 2570 262 2622 Lucili
275 2570 398 2621 virorum
407 2571 521 2638 optime,
533 2586 648 2637 aegrum
661 2573 752 2626 reiicit
763 2579 849 2641 atque
860 2576 894 2626 ad

172 2656 253 2708 quam
276 2639 427 2691 amicorum
451 2638 583 2693 affectus:
603 2640 672 2694 nihil
688 2657 894 2711 aequeexspec

170 2726 233 2762 nem
246 2710 343 2761 mortis
355 2725 388 2761 ac
400 2715 503 2761 metum
521 2711 647 2776 surripit.
683 2713 744 2764 Nan
755 2711 894 2765 iudicabat

172 2795 256 2846 quum
267 2780 332 2831 illos
343 2780 509 2846 superstites
519 2781 714 2847 relinquerem,
728 2783 816 2834 mori:
837 2790 894 2850 potr

170 2849 293 2918 inquam,
318 2865 360 2901 me
371 2852 521 2913 victurum,
543 2866 598 2903 non
612 2851 752 2914 cumillis,
774 2851 825 2903 sed
838 2867 890 2919 per

159 2936 218 2973 non
240 2920 390 2977 effundere
409 2922 544 2994 spiritum
562 2919 774 2979 milliacensi,
792 2923 844 2972 sed
857 2930 894 2973 trs

147 2989 177 3042 4.
188 2993 277 3049 Haec
289 2994 365 3049 mihi
378 2996 526 3052 dederent
535 2994 719 3046 voluntatens
729 2989 894 3037 adiurandi*

135 3064 284 3124 patiendi
299 3084 392 3126 omne
404 3072 607 3125 tornientun.
638 3055 894 3121 alloquimtssnin

129 3142 229 3195 quom
252 3141 396 3199 animum
419 3136 582 3199 moriendi
594 3125 782 3205 proieceris,
799 3115 894 3167 abab

24 3184 56 3330 ι
119 3204 227 3260 vendi.
275 3214 328 3268 Ad
351 3217 437 3274 haee
458 3229 539 3289 ergo
557 3200 701 3264 remedia
718 3183 882 3244 tecente„
