1942 3360
261 487 544 542 Erlsuounu.
579 491 623 545 80.
670 443 675 456 ⁵
804 492 840 547 29

40 610 210 664 aedanum
220 608 340 662 redactis
352 608 458 675 pedem,
481 624 542 660 cum
558 624 641 678 scapo
657 625 709 664 suo
720 617 840 664 transtu-

41 680 84 745 lit,
104 681 258 746 amputatis
270 679 418 739 radicibus,
438 679 537 730 relicto
549 686 656 731 tantum
668 682 758 748 capita
769 683 839 749 ipso,

42 767 75 803 ex
86 765 140 818 quo
153 750 219 801 illae
230 749 429 816 pependerant.
458 747 519 800 lloe
530 748 595 800 limo
606 757 708 800 tactum
722 752 750 803 in
762 767 838 804 sero·

43 820 102 873 bem
126 818 253 872 demisit:
276 817 374 869 deinde
395 824 497 869 terram
514 831 569 868 non
585 822 707 886 aggessit
727 827 841 883 tantum,

44 889 91 942 sed
112 888 233 941 caleavit
253 895 283 939 et
298 888 408 954 pressit.
448 886 487 939 17.
511 885 603 953 Negat
619 888 764 954 quidquam
780 907 841 943 esse

18 1019 19 1030 γ
44 957 93 1010 loo
111 959 220 1022 (utait)
239 957 404 1023 spissatione
420 954 567 1007 efficacius.
605 955 744 1009 Videlicet
754 957 842 1028 frigus

18 1079 19 1091 ,
44 1028 166 1080 excludit
186 1035 216 1078 et
238 1034 358 1078 ventum.
393 1025 486 1076 Minus
501 1032 645 1093 praeterea
655 1036 792 1080 movetur:
815 1037 842 1079 et

44 1099 74 1149 ab
95 1097 150 1149 hoo
173 1104 317 1148 nascentes
333 1095 440 1147 radices
453 1095 564 1161 prodire
575 1097 687 1162 patitur,
708 1097 840 1149 aceolum

43 1165 261 1234 apprehendere,
282 1180 350 1232 quas
370 1179 481 1217 necesso
503 1174 547 1217 est
567 1171 678 1219 teneras
698 1166 795 1229 adhue,
814 1173 842 1218 et

40 1237 168 1357 precario
189 1234 342 1297 haerentes,
361 1234 429 1286 levis
449 1249 558 1302 quoque
577 1236 695 1288 revellat
715 1237 840 1305 agitatio.

59 1321 138 1357 arurn
150 1311 244 1356 autem
256 1305 373 1367 arboris,
395 1311 540 1372 antequam
553 1304 662 1368 obruat,
676 1307 760 1358 radit.
795 1307 839 1357 Ex

40 1378 111 1427 omni
126 1376 202 1427 enim
215 1375 332 1427 materia
346 1388 416 1440 quae
432 1373 536 1426 nudata
546 1381 601 1437 est,
622 1381 652 1426 ut
664 1377 717 1438 uit,
738 1383 840 1428 exeunt

38 1445 149 1497 radices
168 1458 266 1496 novae.
303 1444 344 1495 18.
361 1442 423 1495 Noa
435 1443 528 1509 plures
538 1451 630 1494 autem
643 1452 839 1510 superterram

39 1513 252 1567 emineredebet
263 1520 386 1576 truncus,
397 1527 478 1579 quam
489 1520 600 1564 tresaut
612 1520 731 1579 quatuor
742 1514 837 1579 pedes:

38 1586 134 1636 atatim
157 1586 230 1635 enirn
255 1584 291 1635 ab
312 1583 369 1633 imo
388 1581 536 1633 vestietur:
568 1596 740 1649 nonmagna
766 1597 839 1648 pars,

38 1653 271 1722 quemadmodum
283 1653 312 1703 in
323 1652 434 1704 olivetis
450 1651 603 1714 veteribus,
624 1652 703 1704 arida
715 1659 743 1704 et
752 1659 840 1704 retor-

37 1724 97 1776 rida
116 1723 181 1775 erit.
217 1722 295 1774 Alter
314 1720 433 1789 ponendi
453 1719 551 1772 modus
569 1719 615 1772 hie
631 1720 694 1773 luit.
736 1723 839 1774 Remos

36 1792 136 1855 lones,
159 1806 211 1843 nec
221 1792 332 1843 corticis
342 1792 414 1854 duri,
433 1789 529 1857 quales
540 1806 600 1843 oasa
612 1791 782 1844 novellarum
794 1807 837 1843 ar·

35 1867 137 1917 burum
158 1861 260 1923 solent,
281 1861 378 1912 eodem
398 1875 499 1928 genera
522 1859 658 1927 deposuit.
694 1863 734 1913 lii
755 1861 837 1928 paulo

34 1934 145 1985 tardius
160 1937 290 1999 surgunt:
309 1929 357 1982 sed
372 1945 434 1981 cum
449 1936 578 1996 tanquam
593 1931 716 1995 aplanta
727 1947 837 1997 proces·

37 2004 138 2063 serint,
161 2000 230 2053 nibil
243 1998 344 2053 habent
355 2001 384 2050 in
394 2014 425 2050 se
436 1997 591 2059 horridum,
611 2015 663 2052 nec
673 2001 761 2051 triste.
798 1999 838 2051 19.

36 2073 108 2124 lllnd
121 2072 208 2123 etiam
220 2086 291 2122 nuno
301 2071 367 2131 vidi,
379 2069 462 2120 ritem
474 2082 509 2119 ex
519 2069 632 2119 arbusto
643 2084 693 2120 suo
706 2083 837 2120 annosam

37 2138 202 2193 transferri:
214 2139 294 2191 huius
300 2139 496 2206 capillamenta
505 2151 613 2204 quoque
626 2138 662 2197 (si
672 2138 840 2203 lleripotest)

39 2209 199 2281 colligenda
208 2216 281 2269 sunt,
302 2207 399 2262 deinde
410 2205 551 2257 liberalius
562 2205 710 2258 sternenda
720 2208 792 2268 vitia,
809 2215 840 2257 ut

40 2281 126 2333 edan
146 2293 184 2332 ex
204 2277 496 2345 corpororadiceseut.
532 2275 570 2326 Et
584 2275 641 2326 ridi
656 2292 712 2327 non
730 2282 837 2328 tantum

38 2365 132 2402 mense
147 2347 303 2400 Februario
319 2349 433 2413 positus,
453 2344 502 2398 sed
519 2348 601 2397 etiam
616 2345 721 2398 Martio
738 2353 838 2399 exacto

40 2427 136 2473 tenent
147 2418 344 2483 eleomplexae
355 2422 421 2467 sunt
430 2430 484 2466 non
495 2430 558 2467 suaa
568 2415 674 2479 ulmos3
687 2432 780 2469 omnes
791 2433 838 2469 au·

40 2496 93 2543 tem
106 2490 179 2540 istas
190 2486 314 2549 arbores,
333 2501 403 2552 quae
413 2489 456 2604 gut
468 2486 510 2536 ita
520 2485 620 2550 dicam)
632 2487 838 2553 grandiscapiae

39 2568 112 2622 eunt,
132 2560 177 2608 ait
197 2571 270 2622 aqua
292 2556 409 2606 adiuvan
432 2569 462 2605 as
474 2555 636 2606 cisternina:
657 2572 728 2622 quae
742 2558 765 2604 si
777 2569 838 2620 pro·

41 2628 109 2690 dest,
121 2627 257 2679 habemus
267 2625 388 2692 pluriam
399 2626 427 2674 in
439 2632 533 2675 nostra
544 2631 691 2690 potestate.
713 2622 800 2674 Plura
810 2630 839 2677 te

40 2698 140 2752 docere
151 2711 209 2747 non
225 2696 333 2761 cogito:
355 2707 398 2752 ne,
412 2691 640 2759 quemadmodum
651 2693 781 2760 Aegialus
791 2708 839 2743 no·

40 2776 158 2852 sterme
174 2763 432 2838 sibiadrersarium
445 2763 567 2828 paravit,
589 2764 629 2812 sic
640 2777 691 2829 ego
704 2776 797 2829 parem
809 2767 838 2815 te

39 2837 114 2889 mm
197 2904 453 2970 ‘aursnoda
482 2912 674 2967 nxxxvn.

36 3006 83 3055 rm
101 3007 180 3050 alitus
192 3004 297 3052 Senecae,
306 3009 327 3046 et
337 3007 485 3048 externorum
493 3003 654 3056 contemptur:
668 2997 799 3041 admonitio
807 3001 839 3041 ad

93 3067 98 3075 '
113 3077 125 3107 s
145 3059 272 3115 utsieipu'
280 3059 481 3120 quoqusjues‘ant.
512 3054 844 3102 Dissertatieneousdetaun
