1964 3434
138 505 176 560 92
417 501 635 556 SENECAE

140 624 225 678 alium
237 624 355 676 animum
366 625 427 676 tieri
438 624 605 676 intrantibus
616 619 757 688 tempium,
765 622 925 693 deorumque

139 694 290 746 simulacra
300 708 333 745 ex
344 695 435 746 ricino
446 694 635 755 cernentibus,
655 700 683 742 et
699 693 822 744 alicuius
832 693 925 745 oranti

140 764 347 830 opperientibus
357 780 460 816 vocem.
499 763 566 825 Quis
578 770 669 812 autem
681 764 838 828 negaverit,
859 763 926 814 feriri

139 833 299 900 quibusdam
317 834 472 901 praeceptis
488 831 638 884 efficaciter
655 834 740 883 etiam
756 833 926 899 imperitissi-

140 903 216 953 mos!
242 903 284 957 ta.
296 903 377 956 Veiut
388 903 429 953 his
440 902 612 955 brevissimis
622 902 746 967 vocibus,
758 905 807 957 sed
818 903 927 954 multura

140 971 303 1026 habentibus
314 973 458 1040 ponderis:
477 972 551 1024 Nihil
563 972 660 1036 nimis3

197 1075 305 1129 Avarus
316 1076 420 1130 enimus
430 1076 502 1130 arura
512 1076 633 1128 satiatur
644 1077 728 1127 lucro.

198 1146 239 1198 Ab
250 1147 304 1198 aiio
315 1156 459 1214 exspecter,
470 1145 552 1197 alteri
562 1144 748 1216 quadsecen'e.

138 1249 216 1301 ilaec
227 1263 288 1301 cum
299 1249 357 1300 ictu
369 1248 486 1315 quodam
499 1250 633 1306 audimus.
653 1263 704 1300 nec
714 1249 767 1300 ulli
777 1249 846 1302 iicet
856 1248 928 1301 dubi·

137 1325 197 1370 tara
209 1328 257 1371 aut
268 1319 450 1386 interr-ugare,
461 1318 569 1382 Quare!
580 1318 650 1370 adeo
660 1319 744 1371 etiam
755 1322 817 1372 sine
826 1321 928 1371 ratione

136 1390 197 1453 ipsu
209 1391 310 1440 veritas
322 1387 406 1439 ducit.
423 1387 453 1440 Si
466 1388 623 1439 reverentia
634 1386 745 1439 fraenat
755 1390 876 1451 animos,
884 1396 927 1439 tut

136 1457 205 1508 ritis
215 1461 377 1525 compescit:
389 1473 437 1509 cur
449 1473 501 1509 non
512 1457 666 1509 admonitio
676 1456 749 1509 idam
763 1459 877 1525 possiti
891 1458 927 1510 at

136 1523 167 1577 Si
177 1529 294 1594 imponit
304 1528 436 1595 pudorem
453 1528 618 1594 castigatio:
641 1541 692 1578 cur
705 1529 863 1580 admonitio
878 1543 926 1579 non

136 1595 232 1659 faciat,
245 1601 355 1650 etiamsi
367 1598 446 1649 nudis
459 1598 615 1664 praeceptis
625 1597 731 1648 utitur!
751 1597 807 1650 liia
816 1613 883 1651 veru
893 1595 928 1649 ei·

136 1667 250 1718 dcaciur
261 1674 312 1727 est,
325 1675 353 1720 et
363 1668 447 1719 aitiua
458 1673 595 1735 penetrat,
607 1681 677 1733 quas
688 1666 803 1719 adiurat
814 1669 926 1728 ratione,

136 1735 209 1802 quud
222 1738 371 1803 praecipit3
389 1752 463 1805 ¹quau
474 1737 584 1798 adiicit,
599 1751 683 1804 quare
695 1737 819 1806 quidque
835 1737 928 1789 facien·
964 1781 966 1783 ,

135 1803 199 1855 dum
210 1806 257 1868 sit,
267 1813 296 1857 et
306 1809 366 1872 quis
377 1805 523 1859 facientem
536 1806 767 1873 obedientemque
779 1805 928 1876 praeceptis
964 1864 966 1872 ἶ

135 1872 241 1925 fructus
253 1883 405 1940 exspectet.
442 1873 470 1926 Si
483 1876 600 1941 imperio
611 1877 772 1942 proficitur,
795 1884 826 1928 et
838 1877 927 1927 admo·

135 1943 243 1995 uitione
254 1946 411 2011 proficitur:
432 1946 509 2012 atqui
521 1945 666 2011 proficitur
676 1947 808 2013 imperio:
827 1961 893 2015 ergo
903 1951 928 1996 et

136 2012 335 2067 admonitione.
370 2015 413 2068 45.
424 2015 453 2065 in
464 2015 533 2066 duas
544 2022 637 2081 partes
647 2017 736 2067 virtus
749 2016 893 2076 diuiditur,
902 2018 927 2066 in

136 2083 488 2150 corrtempiationem'reri,
508 2093 536 2136 at
547 2084 697 2136 actionem:
717 2089 926 2155 contemplatio·

136 2169 196 2205 nem
207 2154 348 2207 institutio
360 2155 599 2216 tradit‚aetiunem
608 2154 773 2207 admonitio.
792 2156 927 2209 Virtutem

136 2230 165 2275 et
176 2233 303 2286 exercet,
327 2232 357 2278 et
368 2224 490 2277 ostendit
500 2233 577 2276 recta
588 2225 674 2276 actio:
696 2232 793 2278 acturo
805 2235 894 2279 autem
904 2224 927 2275 si
979 2288 980 2292 Ἰ

136 2293 250 2360 prodest
265 2295 311 2360 qui
329 2295 441 2358 suudet;
463 2295 554 2362 etqui
571 2302 673 2357 munet,
685 2296 822 2360 proderit.
860 2298 926 2361 iirgu

135 2362 160 2412 si
180 2369 257 2413 recta
276 2365 348 2416 actio
364 2364 459 2415 virtuti
477 2367 632 2416 necessaria
647 2371 704 2425 est,
725 2375 818 2418 rectas
839 2374 924 2419 autem

136 2432 261 2482 actiones
272 2433 426 2484 admonitio
437 2434 618 2494 demonstrat,
631 2441 658 2484 et
669 2433 825 2487 admonitio
837 2451 925 2489 neces·

135 2501 210 2552 saria
226 2509 276 2551 est.
314 2502 391 2554 Duae
407 2517 452 2555 res
470 2504 615 2570 piurimum
630 2504 740 2555 roboris
751 2508 846 2558 animo
858 2509 928 2564 dant,

136 2571 205 2623 tides
216 2571 285 2632 veri,
297 2578 325 2622 et
337 2572 448 2623 tiducia:
461 2581 606 2640 utramque
616 2573 770 2626 admonitio
781 2576 861 2630 facit.
888 2575 928 2625 tu.

136 2640 206 2694 Nam
219 2648 248 2693 et
260 2641 385 2694 creditur
396 2642 451 2703 iiii,
469 2650 497 2694 et
509 2658 589 2709 quum
604 2643 738 2695 creditum
751 2654 805 2709 est,
823 2658 929 2714 magnus

136 2713 243 2763 animus
255 2713 368 2780 spiritus
379 2713 513 2778 concipit,
534 2725 567 2763 ac
582 2713 684 2763 fiducia
700 2715 846 2782 impietur:
868 2729 928 2781 ergo

135 2781 289 2834 admonitio
301 2797 354 2833 nun
367 2791 410 2835 est
420 2797 599 2848 superuacua.
635 2783 673 2834 Μ.
685 2781 822 2853 Agrippa,
841 2789 882 2837 rir
892 2786 927 2834 in·

136 2854 226 2918 gentis
238 2853 335 2914 animi,
358 2856 403 2920 qui
415 2852 490 2903 solus
505 2867 538 2905 ex
552 2851 594 2902 his
607 2867 675 2919 quos
687 2855 781 2907 civilia
793 2856 867 2908 betia
878 2855 927 2905 cia·

133 2933 180 2974 roe
193 2929 373 2989 potentesque
386 2923 520 2984 iecerunt,
542 2920 606 2973 {eiii
618 2923 645 2973 in
659 2923 800 2987 publicum
814 2927 874 2985 fuit,
893 2921 926 2972 di·

133 3004 197 3042 care
218 2992 341 3061 solebat,
368 2994 482 3044 muitum
504 3006 534 3043 se
557 2991 621 3042 huic
641 2991 743 3045 debere
764 2995 924 3047 sententiae:

126 3093 145 3125 „
157 3059 232 3119 Nem
245 3061 400 3119 concordia
409 3073 564 3134 paranetes
573 3071 706 3123 mereant,
726 3064 867 3117 discordia
876 3076 923 3116 ma·
