1942 3420
230 577 521 630 EPISTOLAE:
554 578 610 632 118.
764 580 814 633 205

48 706 138 767 ugnet,
150 697 210 765 quit
221 698 391 750 cumulatum
403 697 504 749 fiducia
513 699 650 763 Caesaris,
662 698 723 766 quia
734 698 816 752 Pom·

48 772 93 832 eii,
115 770 174 836 quia
192 768 226 819 ab
241 784 272 818 ae
287 775 376 833 petat:
397 781 477 833 quam
499 768 582 818 durus
602 771 639 819 ait
655 769 815 822 foenerator

48 840 175 901 aeciiiue,
197 854 214 889 a
225 852 278 902 quo
288 836 403 887 minaria
414 837 570 889 centesimis
582 839 726 904 propinqui
736 856 813 891 num-

48 924 97 961 ium
120 922 230 960 marera
250 922 304 957 nun
326 912 452 971 pereunt.
488 904 544 957 Sua
563 910 651 958 tatius
672 916 713 958 eat
732 909 815 970 maia,

48 993 106 1031 uam
117 978 210 1029 aliena
221 983 355 1028 tractaret
368 991 398 1026 aa
409 980 548 1037 excutere,
566 985 595 1027 et
606 976 715 1037 ridere,
733 984 815 1043 quern

48 1049 175 1100 ruiturum
190 1060 281 1098 rerum
299 1044 462 1096 candidatus
478 1044 528 1106 eit,
549 1052 577 1096 et
592 1061 647 1095 nun
661 1044 815 1113 suffragari.

48 1156 50 1167 .
69 1119 132 1170 Hoc
144 1122 200 1177 eat,
209 1115 357 1176 miLuciii,
372 1115 522 1182 egregium,
543 1111 595 1165 buc
604 1129 730 1166 securum
741 1130 774 1180 aa
786 1116 817 1167 ii·

48 1202 130 1247 erum,
149 1184 218 1236 nihil
229 1193 337 1252 petere,
358 1192 387 1236 et
397 1192 458 1235 tuta
469 1184 596 1235 fortunae
606 1184 719 1235 coniitia
729 1190 818 1236 trana-

48 1273 76 1309 e.
112 1257 200 1319 Quam
211 1263 293 1322 patae
304 1269 366 1306 eaae
377 1254 536 1315 iucundum,
557 1255 683 1307 tribubus
698 1254 818 1316 voeatia3

48 1341 110 1377 uum
126 1325 268 1384 candidati
282 1326 311 1375 iu
327 1325 439 1390 templis
455 1327 511 1375 auia
526 1324 677 1390 pendeant,
696 1330 726 1375 et
745 1324 818 1375 aiiua

48 1410 150 1447 ammae
163 1395 330 1462 pronuntiet,
341 1394 411 1445 aiiua
422 1409 471 1460 per
482 1401 652 1460 sequestrum
663 1400 738 1461 agat,
747 1394 818 1446 aliua

48 1480 121 1516 urum
142 1480 238 1519 manua
261 1464 363 1514 usculis
384 1468 522 1523 conterat,
541 1464 638 1530 quibua
659 1465 819 1530 designatur

48 1534 240 1600 antingeadaru
252 1546 362 1584 uranum
374 1539 525 1598 regaturne
537 1541 588 1593 eat,
607 1548 701 1584 omnes
712 1534 818 1585 attani-

51 1641 58 1667 ,
81 1618 175 1654 rocem
194 1601 335 1668 praecunia
352 1607 528 1666 exspectatun
549 1609 623 1652 stare
640 1602 768 1664 otiorum,
790 1610 819 1653 et

48 1678 153 1738 recture
165 1671 229 1723 iliae
240 1670 443 1731 nundinaa,uec
452 1675 587 1722 ementem
600 1670 759 1738 quidquam,
771 1686 821 1722 nec

48 1740 209 1793 endenterui
243 1741 269 1791 4.
289 1741 399 1802 Quanto
414 1738 460 1791 bic
476 1740 580 1792 nraiore
596 1741 697 1808 gaudio
709 1739 820 1803 fruitur,

47 1811 77 1862 ui
88 1826 141 1862 aon
154 1811 295 1878 praeteria
310 1817 358 1860 aut
369 1809 525 1862 contularia
536 1810 649 1862 comitia
659 1826 772 1863 aecurue
783 1809 821 1860 in-

48 1888 132 1942 retur,
152 1880 200 1932 sed
210 1895 311 1948 magna
321 1880 381 1942 iiia,
403 1880 430 1930 in
442 1880 541 1947 quibua
552 1881 601 1933 elii
612 1880 731 1934 bonores
742 1882 821 1932 anni-

48 1951 165 2004 eraarioe
176 1959 282 2017 petunt,
303 1950 352 2001 alii
363 1958 511 2016 perpetuae
522 1957 684 2017 potestates,
704 1951 751 2002 alii
764 1949 821 2003 bel·

48 2036 117 2072 rrum
130 2027 244 2073 eventus
255 2033 401 2088 prosperus
412 2019 629 2086 triumphusque,
639 2020 688 2072 alii
697 2021 820 2076 divitiae.

48 2091 77 2142 iii
99 2091 275 2142 matrimonia
289 2104 322 2139 ac
338 2090 451 2151 liberos,
470 2088 647 2141 aiiiealutem
662 2104 740 2140 auam
757 2104 820 2140 auo·

48 2160 156 2228 uaeque!
192 2159 293 2221 Quanti
305 2159 388 2209 animi
400 2174 445 2209 rea
455 2164 511 2218 eat,
534 2160 622 2209 auium
640 2157 708 2209 nibil
719 2164 822 2224 petere,

48 2231 97 2282 uili
107 2228 272 2297 supplicare,
284 2235 312 2279 et
324 2227 429 2280 dicere:
460 2226 533 2279 Nihil
545 2225 610 2278 mihi
624 2235 723 2288 tecum,
734 2228 822 2278 furtu-

49 2316 78 2352 a:
89 2316 144 2351 non
154 2299 226 2351 facio
237 2300 290 2350 mei
302 2297 351 2347 tibi
364 2297 479 2363 copiam.
507 2295 569 2349 Scio
581 2296 653 2363 apud
665 2304 693 2348 te
704 2298 822 2349 Catones

48 2370 140 2438 epelli,
151 2369 279 2422 Vatinios
289 2368 362 2419 fieri:
372 2366 442 2418 nihil
452 2381 529 2434 rugo.
562 2367 624 2418 Hoc
634 2374 676 2419 eat
686 2368 820 2433 privatam

48 2455 121 2493 rcere
136 2438 285 2491 iomanem.
320 2435 346 2488 5.
364 2437 448 2488 Libet
463 2451 529 2504 ergo
547 2436 613 2490 haec
625 2437 741 2490 invicem
752 2440 820 2490 acri·

48 2526 109 2573 ere,
130 2516 158 2560 et
172 2508 243 2560 banc
254 2507 391 2575 integram
406 2521 515 2572 semper
534 2521 647 2574 egerere
668 2510 820 2566 bacterium,

48 2577 315 2644 ircumepicieatibua
326 2584 370 2628 tot
379 2576 469 2627 millia
479 2575 763 2642 bominuminquieta:
775 2577 823 2642 qui

48 2658 59 2702 t
70 2647 176 2715 aliquid
186 2645 310 2714 pestiferi
323 2653 534 2714 canaequantur,
554 2662 602 2713 per
612 2646 685 2697 mala
697 2647 823 2698 nituntur

48 2738 58 2771 u
70 2720 183 2780 malum,
204 2722 354 2783 petuntque
365 2731 428 2767 max
439 2715 577 2782 fugiende,
594 2716 733 2768 autetiam
744 2715 824 2765 iaeti-

50 2789 143 2844 ieuua.
180 2787 230 2838 Cui
242 2786 312 2837 euim
325 2791 453 2838 aeaeauto
464 2788 532 2836 aetia
544 2784 609 2845 tuit,
631 2786 702 2851 quud
715 2786 822 2851 optanti

49 2860 146 2911 inuium
157 2854 319 2908 ridebatur!
353 2855 378 2906 b
391 2855 451 2906 Noa
464 2863 513 2918 eat,
524 2860 555 2904 ut
567 2854 725 2907 existimant
736 2854 823 2905 bomi-

50 2946 88 2992 ea,
98 2927 180 2980 avida
191 2924 322 2984 felicitas,
334 2923 382 2977 aed
394 2924 510 2989 pusilla:
529 2924 622 2991 itaque
633 2927 769 2976 neminem
781 2939 823 2976 aa·

48 3000 94 3052 iat.
130 2994 473 3056 Tuiatacrediaexceiaa,
496 2994 561 3060 quia
575 2994 656 3061 longe
673 2996 707 3046 ab
717 2994 774 3046 illia
785 2995 824 3045 ia·

48 3085 91 3122 ea:
103 3068 128 3121 ei
139 3082 214 3129 vero,
226 3066 271 3133 qui
281 3064 314 3116 ad
326 3065 375 3117 illa
386 3064 519 3131 pervenit,
531 3063 648 3116 humilia
658 3070 729 3117 aunt.
747 3065 824 3117 Meu·

48 3142 101 3201 ior,
123 3137 179 3189 uisi
188 3136 277 3190 adbuc
288 3135 398 3204 quaerit
409 3133 585 3190 adscendere.
620 3133 697 3188 istud
709 3134 783 3203 quari
792 3145 822 3184 tu
