1942 3420
126 118 179 171 204
414 114 630 169 SENECAE

129 238 215 293 nectis
228 253 260 288 ae
270 237 370 298 solvis,
391 242 470 288 tanta
484 238 556 288 moie
566 235 746 304 impendente
757 236 908 306 capitituo!
935 253 936 259 ¹

128 309 170 361 32.
192 310 253 359 Nun
268 315 324 357 tam
340 307 487 373 benignum
503 323 535 357 ac
556 307 672 358 liberate
692 314 804 373 tempus
826 314 910 358 nature

128 379 206 429 nobis
217 377 301 438 dedit,
312 383 342 427 ut
355 377 460 443 aliquid
472 391 505 427 ex
519 376 567 427 iiio
578 384 659 429 vacet
670 377 801 444 perdere:
814 385 843 430 et
852 377 911 434 risle,

129 463 209 514 quam
230 447 318 497 muita
339 450 419 498 etiam
442 446 660 513 diligentissimis
682 454 808 513 pereant.
842 446 911 500 Aiiud

130 517 257 569 valetudo
269 533 318 567 sun
331 518 427 584 cunique
438 516 641 577 abstulit,aiiud
652 531 781 567 suorum:
794 517 864 567 aliud
876 532 912 566 ne·

129 588 251 638 cessaria
262 587 381 654 negotia,
394 585 468 636 atiud
482 585 590 652 publica
602 593 823 652 occupaverunt:
837 586 912 637 sitan

129 657 269 708 nobiscum
286 656 386 707 dividit
398 670 517 705 somnus.
554 654 658 707 Exhne
669 663 861 723 temporetam
873 670 913 705 an·
930 681 936 720 1

129 733 220 796 gusto,
241 734 268 776 et
280 725 386 792 rapido,
403 733 431 776 ot
442 740 492 775 nos
505 723 656 788 auferente,
666 725 735 792 quid
749 730 826 777 iurat
836 726 912 776 maio·

130 811 187 848 rern
208 803 313 863 partem
336 799 446 845 mittere
468 795 496 843 in
519 795 633 845 ranumi
662 793 706 847 33.
728 796 824 847 Adiice
844 809 913 853 num,

130 867 204 934 quod
215 866 349 916 assuescit
360 865 467 915 animus
479 862 616 916 delectare
627 879 657 915 se
668 867 778 930 potius,
790 880 867 932 quam
879 879 913 913 se·

128 949 209 985 nare:
226 941 254 985 et
271 931 471 1001 philosophiam
485 933 716 986 oblectamentum
728 933 911 1002 facereqmn

128 1003 279 1055 remedium
291 1006 335 1055 sit.
371 1006 447 1055 lnter
461 1005 624 1070 sapientiam
643 1011 671 1054 et
686 1018 786 1070 sapere
803 1004 865 1071 quid
880 1005 912 1053 in·

128 1074 217 1134 tersit,
228 1075 336 1125 neseio:
357 1074 415 1124 seio
428 1088 489 1124 mea
500 1088 553 1124 nun
564 1075 803 1135 interessendum
815 1076 875 1134 ista,
886 1088 912 1122 an

128 1145 258 1195 nesciam.
295 1142 346 1193 Dic
356 1141 434 1203 mihi,
446 1159 526 1211 quum
536 1178 543 1203 ‚
554 1143 619 1210 quid
632 1144 707 1195 inter
719 1144 882 1211 sapientiam
893 1150 913 1192 et

129 1228 228 1280 sapere
238 1214 363 1276 intersit,
385 1213 517 1275 didicero,
528 1213 650 1279 sapiam!
687 1215 744 1265 Cur
755 1227 822 1280 ergo
835 1213 913 1280 potios
954 1213 957 1282 ζ

128 1284 203 1335 inter
221 1284 357 1335 vocabula
376 1298 420 1334 ms
438 1282 591 1349 sapientiae
611 1283 730 1344 detines,
751 1298 833 1350 quam
853 1284 914 1334 inter
954 1283 957 1337 J

130 1351 232 1418 operat
267 1352 323 1403 Fac
333 1367 377 1404 me
387 1353 546 1413 fortiorem,
567 1352 664 1403 saenis
676 1355 862 1415 securiorem,
880 1351 915 1402 fao
956 1394 957 1403 s

129 1421 257 1473 fortunae
271 1435 373 1486 parem,
383 1421 428 1473 fac
438 1422 617 1487 superiorem.
645 1421 764 1474 Possum
777 1431 870 1475 autem
880 1437 916 1472 su·

128 1493 221 1559 perior
232 1505 301 1553 esse,
312 1491 336 1542 si
348 1490 440 1543 fecero
451 1505 532 1542 omne
544 1491 616 1558 quod
627 1489 713 1543 diseo.

308 1605 556 1661 uPlsTOLA
592 1605 739 1662 cxviii.

127 1693 212 1738 lnam
221 1693 333 1751 epistolas
342 1694 404 1737 nuile
413 1707 437 1736 ss
446 1692 554 1736 scriberes
571 1693 653 1750 potins
667 1694 817 1737 monitorum
825 1693 914 1737 settim

155 1750 247 1794 aierem
265 1756 288 1793 et
304 1751 353 1794 inm
358 1749 434 1806 facit.
467 1749 554 1791 Suadet
567 1762 624 1796 susa.
642 1762 690 1791 uon
705 1750 789 1793 aliern
805 1755 915 1795 tractem

155 1820 171 1848 α
180 1806 287 1849 Fortuna
296 1805 359 1848 nihil
365 1811 455 1863 petere.
474 1818 516 1848 nec
526 1803 555 1846 ab
567 1819 594 1846 eu
601 1808 708 1860 pendere.
744 1807 829 1849 Verum
838 1807 915 1848 som

186 1864 323 1904 uerendum:
334 1866 357 1904 et
365 1860 423 1917 quisi
431 1861 492 1903 illuri
500 1860 539 1909 sit.
549 1858 681 1917 definitum·
710 1862 818 1917 Itemque
827 1861 882 1918 quisi
889 1858 914 1900 ni

156 1875 256 1959 gneum
265 1915 371 1974 differat.
406 1916 476 1958 Omne
486 1915 581 1964 bonnm.
600 1917 728 1959 secundum
737 1925 853 1960 naturam
862 1929 915 1960 esse.-

157 1985 199 2014 nec
209 1976 286 2014 tamen
296 1972 411 2028 quidquid
419 1973 543 2015 remanum
553 1977 671 2023 naturam,
681 1971 779 2016 bonum.

180 2044 275 2112 Exigis
290 2059 307 2094 a
324 2060 368 2096 me
389 2043 590 2111 frequentiores
610 2046 754 2110 epistolas.
791 2046 918 2099 Rationes

120 2115 311 2167 'conferamusz
320 2115 452 2166 solvendo
464 2130 517 2165 nun
529 2115 593 2166 eris.
618 2115 797 2168 Convenerat
806 2116 918 2182 quiden,

129 2192 161 2237 ut
172 2193 221 2237 tun
231 2187 325 2254 priora
336 2191 442 2248 essent3
463 2193 493 2236 tu
506 2184 651 2245 scriberes,
666 2201 720 2254 ego
731 2188 917 2239 rescriberem.
966 2218 969 2229 a

129 2254 183 2308 Sed
196 2272 249 2307 nou
259 2270 307 2308 eru
319 2254 451 2306 difficilis:
472 2256 541 2307 bene
552 2255 629 2305 credi
639 2256 691 2306 tibi
701 2256 776 2308 scio:
790 2258 883 2325 itaque
893 2255 918 2304 iu
967 2254 969 2301 i

129 2335 301 2378 antecessum
312 2325 390 2377 dabo.
427 2326 484 2378 Nee
499 2323 611 2382 taniam,
630 2326 704 2391 quod
716 2327 817 2378 Cicero
832 2328 874 2377 ris
884 2322 918 2373 ei.
966 2322 968 2380 ὲ

126 2397 296 2447 sertissimus
318 2395 408 2447 facere
428 2395 547 2445 Atticum
570 2393 656 2456 iubet,
677 2402 710 2447 ut
730 2397 846 2448 etiamst
866 2405 916 2446 reat
967 2403 968 2406 ’

128 2467 231 2518 nuliam
244 2464 366 2528 habebit,
378 2464 450 2531 qnod
460 2465 488 2514 in
499 2464 612 2515 boccum
625 2465 742 2530 venerit,
754 2467 868 2519 scribat.
895 2462 917 2512 2

966 2442 969 2518 i

125 2533 270 2604 Nunquam
281 2539 376 2601 potest
386 2535 481 2601 deesse
491 2533 564 2600 quod
576 2533 704 2597 scribam,
725 2544 759 2588 ut
769 2538 864 2587 omnia
874 2531 918 2584 iiia

125 2602 196 2672 orsae
219 2605 362 2657 Ciceronis
382 2604 498 2669 implent
518 2603 664 2670 epistolas,
685 2614 844 2660 transeam:
864 2602 916 2671 quis

120 2675 291 2733 candidatus
308 2675 437 2737 laboret,
456 2673 647 2735 emoniensis,
663 2678 726 2741 quis
742 2677 802 2728 suis
819 2674 917 2726 risibus
