1912 3534
279 104 564 160 ttPtSTOLAlJ.
605 106 643 158 le.
822 110 857 162 47

46 230 140 281 stultu
150 227 295 278 laboriose
306 240 356 290 pro
367 223 474 275 honore
486 228 649 276 tentaveris:
662 227 766 295 aliquid
774 236 801 279 et
809 244 857 294 pro

47 301 108 349 otio
121 296 283 348 audendum
298 301 354 355 est,
375 302 422 343 uut
434 295 460 342 in
473 296 526 344 ista
537 295 715 347 solicitudine
729 313 857 364 procura-

49 371 171 429 tionum,
194 374 223 416 et
235 364 336 415 deinde
348 365 515 413 urbanorum
528 363 694 427 officiorum,
714 382 859 419 senescen·

50 440 116 488 dum
130 440 159 487 in
172 435 306 493 tumultu,
329 448 362 483 ec
374 448 483 498 semper
495 433 573 482 novis
585 433 724 497 fluctibus,
735 451 803 501 quos
815 435 856 487 ei·

50 507 153 571 fugere
170 504 249 554 nulld
266 502 417 562 modestia,
434 503 510 553 nulla
522 502 596 553 vitae
607 504 699 568 quiete
713 507 858 571 contingit.

51 575 125 635 oure
146 577 220 625 eninr
238 573 274 623 ad
291 586 348 621 rem
360 570 495 636 pertinet,
516 586 549 620 sn
567 579 596 621 tu
613 572 756 638 quiescere
773 575 857 625 velisl

52 645 171 695 fortuna
183 651 231 693 tue
243 657 297 690 non
310 641 377 690 ruit.
414 639 488 701 Quid
500 641 523 689 si
534 639 576 690 illi
590 645 746 692 etiamnunc
759 643 858 708 perori-

52 715 123 763 seris
136 709 280 762 cresceret
292 713 421 775 qunntum
434 708 467 758 ad
479 724 635 760 successum
649 714 858 770 accesserit,ac·

54 783 136 833 cedet
150 781 186 831 ad
203 786 318 829 metum.
354 778 380 828 8.
401 775 472 827 Volo
489 778 540 828 tibi
560 777 610 830 hoe
627 779 689 830 loco
702 781 857 832 referredi·

54 850 329 909 ctuniblaecenatis3
341 861 404 897 vera
414 847 441 897 in
453 848 515 912 ipso
526 848 757 913 equuleodocuit.
778 853 859 916 „lpse

55 921 127 971 enim
139 917 261 969 altitudo
274 923 387 968 attonat
398 919 534 966 surrrma.“
571 915 599 968 Si
611 920 735 983 quaeris,
758 921 786 970 in
803 935 858 986 quo

55 989 129 1040 libro
142 988 253 1048 dixerit,
265 986 293 1035 in
305 1001 338 1036 eo
349 986 395 1050 qui
407 983 591 1037 Prometheus
603 987 772 1038 inscribitur.
798 990 859 1038 lloe

55 1059 143 1109 soluit
155 1057 259 1120 dicere,
269 1056 391 1105 attonita
400 1053 483 1105 habet
494 1070 609 1105 summa.
647 1058 698 1107 Est
708 1074 775 1123 ergo
787 1059 858 1107 tanti

56 1128 112 1179 nlla
125 1126 264 1193 potentia,
277 1132 308 1174 ut
318 1124 356 1173 sit
368 1123 418 1181 tibi
431 1131 487 1174 tam
500 1124 595 1174 ebrius
605 1124 713 1175 sermoi
741 1128 766 1176 o.
781 1126 859 1193 lnge-

1 1192 2 1258 ]
57 1198 152 1247 niosus
168 1196 211 1244 vir
233 1194 284 1244 ille
307 1192 375 1255 luit,
398 1207 526 1260 magnum
548 1194 701 1258 exemplum
719 1195 858 1246 llomanee

57 1264 237 1335 eloquentiae
250 1262 375 1322 daturus,
400 1263 454 1311 nisi
467 1263 542 1312 illum
556 1271 715 1313 enervasset
726 1263 857 1325 felicitas,

4 1371 5 1375 =
56 1343 111 1389 imo
122 1338 285 1389 castrasset.
325 1333 377 1381 llic
388 1336 415 1382 te
428 1331 520 1381 exitus
532 1339 637 1394 ninnet,
661 1333 712 1382 nisi
725 1335 778 1384 iarn
793 1349 856 1384 con·

57 1407 153 1459 trahas
170 1406 247 1465 vela,
271 1401 324 1452 nisi
341 1399 427 1465 (quod
445 1399 493 1451 ille
508 1402 581 1452 serio
593 1402 695 1464 voluit)
709 1409 811 1455 terram
822 1403 859 1454 le·

58 1493 112 1546 ges.
140 1476 272 1527 Poteram
287 1481 375 1522 tecum
388 1476 416 1519 et
427 1467 644 1523 hacbleecenatis
658 1475 798 1525 sententia
809 1489 856 1539 ua·

57 1546 220 1598 sentiscere
234 1544 384 1594 rationem:
408 1539 456 1589 sed
475 1541 597 1589 movebis
615 1541 682 1592 milii
700 1551 858 1594 controver-

58 1617 132 1676 siam,
154 1615 178 1664 si
192 1612 306 1673 tenori,
323 1623 374 1661 nee
386 1607 471 1669 voles,
486 1609 558 1675 quod
572 1610 668 1671 debeo,
680 1611 707 1659 in
719 1626 818 1676 aspero
830 1616 858 1661 et

0 1713 1 1716 =
58 1688 142 1752 probo
154 1685 295 1746 accipere.
331 1679 367 1728 Ut
378 1692 409 1743 so
420 1692 463 1728 res
476 1677 573 1739 babet,
586 1681 619 1728 ab
631 1681 750 1744 Epicuro
763 1695 856 1730 versu·

59 1771 88 1806 ra
97 1751 230 1805 iacienda
240 1756 292 1801 est.
320 1747 357 1798 10.
372 1750 495 1809 ‚,rlnte,“
506 1749 602 1813 inquit,
613 1748 859 1812 „circumspicien-

1 1882 2 1886 ,
61 1824 119 1875 dum
132 1829 188 1885 est,
210 1834 272 1870 curn
285 1817 384 1884 quibus
396 1815 462 1867 edas
475 1817 601 1879 achibas,
623 1832 702 1883 quum
716 1817 780 1884 quid
793 1819 858 1868 edos

2 1954 3 1958 Ἰ
61 1895 203 1945 etbibas.“
222 1889 294 1940 Nem
305 1887 364 1937 sine
376 1891 475 1946 enrico,
483 1886 631 1937 visceratio
645 1887 734 1938 leonis
747 1904 779 1938 ec
792 1888 859 1954 lupi,

61 1965 112 2015 vita
128 1969 182 2014 est.
221 1961 283 2009 lloc
298 1971 351 2007 non
370 1957 512 2023 continget
534 1957 598 2018 tibi,
620 1957 673 2008 nisi
694 1960 856 2010 secesserisv

60 2027 305 2099 alioquinbabebis
316 2027 527 2091 conv·ivas‚quos
539 2029 664 2079 exturba
676 2028 857 2080 salutantium

61 2102 250 2154 nonrenclutor
273 2095 429 2163 digesserit.
467 2096 551 2146 Erret
565 2105 657 2149 eutem
675 2099 720 2164 qui
738 2099 857 2148 enricum

60 2172 81 2222 11
92 2172 167 2223 atrio
180 2170 305 2235 quaerit,
323 2168 349 2215 in
363 2165 489 2216 convivio
502 2168 609 2230 probet.
648 2167 761 2218 Nullum
775 2164 858 2215 habet

60 2242 144 2292 nnius
156 2239 262 2290 melum
275 2242 428 2300 occupatus
439 2232 535 2296 bomo,
557 2242 585 2286 et
599 2235 680 2285 bonis
696 2236 754 2284 suis
767 2234 859 2284 obses-

60 2325 114 2372 tus,
137 2323 221 2375 quam
240 2304 312 2373 quod
331 2307 433 2354 amicos
446 2302 498 2354 sibi
510 2313 602 2370 putat,
624 2304 723 2369 quibus
733 2305 792 2368 ipse
805 2317 858 2351 non

60 2388 111 2431 est:
123 2378 199 2446 quod
212 2372 348 2426 beneficio
358 2389 408 2423 sus
419 2371 542 2424 efficacia
554 2374 658 2423 iudicat
666 2371 699 2421 ad
707 2371 857 2422 concilian-

15 2445 16 2454 ‘
59 2449 235 2506 dosanvicos,
256 2458 339 2509 quum
352 2443 472 2508 quidam,
494 2458 548 2510 quo
562 2443 622 2508 plus
634 2441 750 2501 debent,
771 2441 860 2506 magis

60 2518 176 2572 oderint.
214 2514 356 2566 Lenones
373 2511 492 2563 alienum
505 2511 659 2562 debitorem
672 2509 754 2570 iacit,
776 2525 860 2577 grove

59 2587 208 2640 Inimicum.
247 2581 321 2644 Quid
335 2580 419 2649 ergo-t
440 2581 577 2635 beneficio
591 2597 646 2633 non
657 2587 761 2652 norunt
770 2580 869 2633 nuilei-

53 2657 123 2705 tiu!
132 2658 247 2720 parant,
258 2652 287 2702 si
296 2659 466 2721 nccepturos
478 2655 566 2712 licuit
580 2657 709 2731 eligerc3
723 2650 890 2713 sicoll‘ata,
