1942 3360
203 525 488 577 Epis'maaa.
524 528 567 578 87.
745 522 777 580 3!

41 667 50 702 ι
74 650 198 715 propter
214 644 390 711 sapientiam,
412 644 506 696 moitis
521 650 634 713 propter
643 644 779 697 iustitiam

41 720 141 770 detur:
161 715 208 766 sed
221 731 271 767 neo
283 730 315 766 ex
327 730 357 766 se
370 713 439 766 hano
451 729 560 766 eausam
572 717 663 778 habet,
674 732 724 767 neo
734 731 781 766 re·

41 788 144 840 niiem.
189 786 291 836 Contra
313 785 385 835 enim
407 784 585 835 verisimilior
604 785 655 837 iiia
677 786 782 851 species

41 860 134 910 ninam
145 855 245 905 animis
257 854 387 905 obiicitur
408 868 425 904 a
446 855 557 917 virtute,
579 867 648 921 quae
668 855 734 905 ilina
753 855 781 904 in

41 943 110 980 »rear
124 931 153 976 et
163 923 372 975 admirationem
388 932 478 975 voest.
514 922 556 975 31.
570 923 733 975 Posidonius
743 924 783 973 sie

41 993 212 1063 rrogandum
224 996 276 1047 sit:
298 995 376 1057 Quae
391 1008 478 1061 neque
495 993 710 1062 magnitudinem
727 991 784 1041 ani·

49 1068 133 1124 dant,
154 1079 204 1116 nee
220 1062 357 1125 fiduciam,
376 1078 426 1115 neo
441 1065 628 1130 seeuritatem,
649 1068 784 1114 nunaunt

41 1152 67 1189 a:
91 1134 212 1184 diuitias
222 1141 330 1194 autem,
351 1141 380 1186 et
394 1134 467 1186 bona
478 1133 621 1196 valetudo,
643 1141 672 1186 et
682 1131 785 1184 similia

43 1204 123 1257 nihii
134 1202 228 1256 nomn
241 1201 358 1253 iaoiunt:
370 1218 435 1270 ergo
447 1218 500 1254 noa
512 1210 576 1255 sunt
587 1205 668 1255 bona.
706 1203 785 1252 Hune

41 1273 235 1343 erogationem
253 1273 341 1338 magia
355 1275 511 1326 etiamnunc
527 1272 580 1325 hoo
595 1274 676 1325 modo
697 1275 785 1324 inten-

67 1344 116 1396 ³2.
129 1345 308 1408 amensque
318 1343 531 1409 magnitudinem
545 1344 637 1394 animo
649 1346 724 1402 dant,
736 1357 785 1393 nee

41 1416 125 1474 mam,
135 1426 186 1463 noo
196 1410 384 1473 securitatem,
395 1419 587 1463 eontraautenr
598 1413 785 1471 insolentiam,

42 1497 136 1542 orent,
147 1481 335 1550 arrogantiam
346 1489 448 1541 areant,
461 1482 533 1532 asaia
544 1488 621 1533 sunt:
632 1498 649 1532 a
660 1482 783 1532 fortuitis

41 1570 78 1606 ins
89 1553 121 1603 in
131 1550 202 1604 haee
213 1550 395 1617 impeiiimart
408 1564 474 1618 ergo
486 1565 539 1601 non
552 1554 703 1617 suntbona.
715 1551 784 1611 iiac,

40 1626 90 1683 sit,
115 1622 223 1673 ratione
232 1635 267 1672 ne
277 1621 422 1672 commoda
433 1618 541 1686 quidem
553 1623 608 1672 ista
619 1630 707 1672 erunt.
743 1620 785 1674 33.

41 1699 104 1747 rest
115 1688 321 1742 eommodorum
334 1690 466 1750 conditio,
476 1689 532 1742 alia
541 1690 686 1744 bonorum.
707 1692 785 1742 Corn·

41 1763 102 1814 iarn
118 1767 169 1823 ast,
190 1760 262 1828 quod
272 1759 340 1825 vpiuo
355 1774 421 1810 usur
433 1757 516 1824 habet
535 1775 614 1828 quam
625 1762 785 1813 maiestiae:

43 1847 103 1893 arn,
119 1831 253 1881 sinceram
266 1844 327 1879 esse
339 1829 429 1892 debet,
448 1836 476 1881 et
486 1830 519 1881 ab
532 1832 605 1882 omni
618 1839 695 1898 parte
707 1834 785 1883 innu-

41 1917 71 1953 ι.
113 1900 172 1952 Non
189 1897 274 1953 estid
290 1900 406 1962 bonum,
428 1899 499 1967 quod
515 1901 577 1968 plus
590 1901 716 1967 prodeat:
737 1900 784 1950 sed

41 1972 60 2022 d
82 1975 191 2020 tanturn
206 1967 326 2036 prodest.
362 1968 513 2035 Propterea
528 1971 702 2022 commodum
714 1976 741 2019 et
752 1967 786 2019 ad

41 2039 123 2092 natis
133 2039 267 2106 pertinet,
288 2046 315 2089 et
327 2038 361 2089 ad
371 2035 550 2104 imperfectos
560 2037 692 2101 homines,
714 2045 741 2088 et
753 2035 787 2087 ad

41 2111 105 2161 itus.
115 2120 116 2123 ’
125 2109 221 2177 itaque
230 2113 323 2174 potest
333 2107 359 2158 ei
371 2122 432 2159 asse
441 2107 644 2159 incommodum
657 2109 782 2159 mixtums

48 2179 222 2230 commodum
233 2177 344 2239 dieitur,
364 2177 496 2228 amaiors
507 2191 557 2227 sua
568 2185 648 2243 parte
658 2178 787 2230 aestima·

41 2265 57 2300 ι.
96 2249 202 2300 Bonum
215 2247 249 2298 ad
261 2261 345 2297 unum
357 2247 509 2312 sapientem
520 2248 653 2314 pertinet,
673 2247 788 2300 inuiola-

41 2332 123 2370 iesse
134 2324 254 2384 oportet.
290 2316 397 2372 iionum
410 2316 528 2385 animam
541 2315 619 2370 habe.
649 2320 724 2371 Unus
735 2317 786 2369 tibi

41 2393 91 2449 ius,
112 2387 161 2438 sed
175 2385 380 2448 Herculaneus,
400 2393 497 2438 restat.
533 2386 576 2439 34.
595 2388 637 2440 iix
649 2388 787 2440 maiisbo·

41 2473 122 2510 anon
134 2458 176 2511 iit:
199 2472 232 2516 ea
243 2457 337 2511 muitis
355 2456 561 2523 paupertatibus
575 2458 689 2517 divitiae
703 2460 785 2511 flunt:

41 2544 55 2581 o
72 2527 189 2580 divitiae
205 2526 305 2581 bonum
322 2533 465 2585 nunaunt.
500 2525 786 2595 Hancinterrogatio·

40 2615 49 2650 a
66 2597 159 2648 nostri
172 2611 228 2647 non
244 2602 406 2664 agnoscunt.
443 2595 620 2667 Peripatetici
641 2603 669 2649 et
684 2599 790 2664 fingunt

41 2684 76 2730 ro,
88 2675 119 2719 et
131 2665 249 2717 soirunt.
286 2666 331 2716 Ait
340 2671 431 2716 autem
443 2663 616 2726 Posidonius,
638 2666 689 2718 hoc
698 2665 789 2734 sophi·

41 2752 112 2806 iper
120 2750 214 2786 omnes
222 2734 430 2786 dialecticorum
443 2734 697 2797 scholariactatum‚
709 2736 789 2788 aicab

41 2808 139 2876 ipatro
150 2803 252 2856 reieiii.
276 2802 317 2860 35.
329 2803 480 2868 Paupertas
490 2820 544 2856 non
555 2820 603 2869 per
614 2805 788 2869 positionem,

55 2892 111 2947 per
133 2874 329 2925 detractionem
346 2872 454 2934 dicitur,
475 2873 517 2923 eei
532 2878 575 2933 (ut
589 2874 694 2941 antiqui
710 2877 787 2928 dixe·

41 2951 64 3011 t)
88 2959 141 3019 per
154 2943 340 2995 orbationem:
365 2941 464 2993 Graeci
480 2941 573 2992 dicunt
587 2944 650 2992 uarii
664 2946 788 3012 στέρησιν.

41 3012 141 3082 equod
153 3012 263 3074 habeat,
274 3013 384 3074 dieitur,
395 3011 444 3062 sed
454 3012 525 3078 quod
537 3028 590 3062 non
602 3010 710 3070 haheat.
732 3014 787 3067 ita·

41 3101 92 3139 es
105 3083 202 3136 moitis
212 3083 338 3136 inanibus
349 3081 420 3136 nihii
434 3082 547 3155 impiari
556 3090 670 3155 potatu„
686 3086 804 3140 diuitias
