1838 3456
83 557 135 610 214
369 551 593 605 SENECAE

84 677 195 735 minem,
203 672 265 723 sols
276 671 348 723 ratio
363 671 488 739 perfecta
497 673 609 722 beatum
622 671 701 722 lacit.
718 671 782 729 lloc
793 680 875 723 autem

84 760 165 795 unum
176 740 296 794 hominis
309 742 411 792 bonum
423 748 478 802 est,
499 755 553 807 quo
571 740 739 791 unebertus
757 741 875 793 ellicitur.

84 813 210 864 Dicimus
227 819 255 862 et
269 809 320 861 illu
339 811 412 860 bona
428 825 503 871 esse,
524 825 595 877 quae
607 813 742 861 niirtute
759 810 876 877 prolecta
911 865 912 868 Ἴ

87 888 269 946 contactuque
283 887 355 939 sunt,
368 878 396 929 id
408 884 459 939 est,
470 893 556 945 opere
566 879 627 929 eius
640 879 750 942 omnls3
762 878 809 930 sed
821 879 876 930 ideo

85 965 168 1002 unum
177 951 239 1016 ipsa
249 949 350 1002 bonum
363 954 414 1009 est,
437 947 504 1016 quin
519 947 624 999 nullum
636 948 697 999 sine
707 947 760 999 itta
770 957 819 1000 est.
852 946 877 997 Si

86 1034 167 1071 omne
179 1019 206 1069 in
217 1017 418 1070 unimobonum
430 1023 486 1080 est;
497 1016 628 1084 quidquid
638 1017 719 1068 illurn
730 1016 877 1075 confirmet,
915 1021 917 1023 ’

87 1088 207 1151 extollit,
218 1088 376 1154 amplificat,
386 1088 487 1137 bonum
496 1091 547 1137 est.
565 1083 876 1140 13.Vulidioren1nuten
916 1127 917 1134 ,

86 1160 221 1217 animum,
249 1155 427 1208 excelsiorem
449 1160 478 1206 et
496 1153 661 1220 ampliorem
691 1151 763 1205 fecit
790 1158 877 1204 virtus.
915 1156 916 1159 ’

86 1227 157 1279 Num
170 1231 264 1278 cetero
275 1240 344 1291 quoe
357 1223 521 1291 cupiditates
532 1231 642 1274 nostrus
655 1225 778 1283 irritent,
794 1223 875 1288 depri·
910 1229 911 1232 ’

86 1302 163 1345 munt
174 1308 282 1360 quoque
294 1294 413 1345 animum
425 1299 452 1344 et
464 1289 648 1343 labefaciunt:
663 1299 692 1342 et
703 1307 786 1358 quum
794 1293 876 1342 riden-

86 1374 132 1415 tur
143 1362 289 1424 attollere,
311 1362 424 1422 inflant,
446 1376 478 1413 oo
494 1361 581 1412 multa
597 1364 724 1412 vanitate
741 1361 875 1413 deludunt.
916 1394 919 1428 Ι

86 1433 161 1500 Ergo
173 1446 257 1481 unum
271 1430 297 1481 id
309 1432 410 1482 bonum
423 1438 479 1491 est,
500 1444 554 1495 quo
567 1430 666 1481 melior
678 1431 790 1480 animus
801 1429 873 1480 effici·
901 1440 919 1496 ij

85 1508 139 1552 tur.
176 1499 277 1552 Omnes
289 1503 411 1552 notiones
423 1498 511 1550 totius
521 1499 605 1560 vitoe,
626 1496 740 1550 honesti
757 1516 789 1551 ao
800 1510 840 1550 tur
856 1497 873 1546 is
901 1501 902 1504 ’

85 1577 222 1637 respectu,
232 1575 435 1636 temperantur:
458 1567 492 1618 ud
506 1565 586 1629 lineo,
600 1566 723 1619 tociendi
735 1577 763 1620 et
777 1585 829 1620 non
840 1515 871 1617 fs·
915 1595 919 1644 Ι

87 1640 175 1691 ciendi
189 1641 261 1691 rutio
273 1638 410 1706 dirigitur.
448 1634 571 1699 Quidslt
582 1635 645 1699 hoc,
656 1635 759 1688 dicam.
784 1639 823 1688 14.
835 1637 874 1688 l'ir
917 1656 919 1707 Ι

86 1710 174 1760 bonus
194 1706 267 1773 quod
289 1705 405 1758 honeste
421 1721 451 1756 se
467 1704 604 1756 iacturum
622 1709 772 1772 putaverit,
794 1707 874 1765 faciet,

86 1777 193 1827 etiamsi
205 1776 374 1827 laboriosum
387 1777 452 1826 erit:
473 1774 569 1835 faciet,
591 1774 702 1826 etiamsi
723 1774 873 1827 damnosum

86 1845 153 1894 erit:
165 1844 259 1905 foetet,
270 1844 381 1896 etiamsi
393 1843 581 1910 periculosum
594 1844 657 1895 erit.
694 1846 801 1897 Rursus
829 1842 874 1894 uod

86 1926 165 1979 turpe
188 1914 255 1973 erit,
285 1927 339 1962 non
361 1912 461 1976 societ,
490 1912 600 1966 etiamsi
625 1915 770 1979 pecuniam
794 1862 875 1972 aaut,

85 1981 196 2034 etiamsi
208 1982 390 2048 voluptatem,
402 1983 512 2035 etiamsi
522 1985 683 2049 potentiam.
716 1985 757 2035 Ab
768 1983 875 2036 honesto

86 2052 163 2103 nulla
181 2067 211 2104 re
232 2051 433 2114 deterrebitur,
452 2053 486 2104 ud
504 2052 684 2120 turpiunulla
695 2067 746 2119 spe
759 2051 877 2103 intituli·

85 2129 139 2171 tur.
175 2123 250 2190 Ergo
270 2121 293 2172 si
310 2119 455 2175 honestum
469 2122 565 2187 utique
576 2128 724 2173 secuturus
735 2130 787 2184 est,
806 2131 876 2188 turpe

85 2190 178 2256 itnque
195 2190 345 2242 vitaturus:
367 2197 396 2244 et
411 2191 526 2241 inomni
542 2198 604 2242 netu
620 2192 696 2243 vitoe
709 2199 877 2258 spectaturus

85 2255 153 2309 haee
166 2257 233 2309 duo:
253 2259 359 2310 nullum
371 2260 446 2312 uliud
457 2261 558 2312 bonum
572 2275 654 2327 quum
666 2259 825 2325 honestum,
835 2274 877 2311 nec

82 2325 158 2375 uliud
172 2327 274 2377 mulum
297 2343 378 2396 quom
400 2337 488 2396 turpe.
525 2327 566 2380 15.
590 2329 618 2382 Si
635 2344 690 2382 uno
700 2331 877 2397 indepravata

82 2393 170 2442 virtus
192 2400 244 2452 est,
266 2401 294 2447 et
308 2395 370 2447 sola
388 2405 531 2465 permonet
552 2399 657 2450 tenoris
672 2401 726 2460 sui,
749 2415 830 2451 unum
842 2409 878 2449 est

82 2460 193 2522 bonum,
215 2462 316 2514 virtus:
340 2467 385 2516 eui
397 2467 451 2517 iam
464 2467 590 2520 occidere
602 2483 636 2520 ne
647 2467 684 2518 sit
696 2469 810 2532 bonum,
831 2483 878 2518 non

82 2535 182 2595 potest.
221 2530 387 2583 Mutationis
399 2535 553 2601 periculum
567 2535 673 2604 effugit.
711 2534 880 2590 Stultitiasd

81 2598 248 2664 sapientiem
260 2599 362 2665 erepit:
375 2603 512 2668 sapientia
523 2604 551 2654 in
565 2605 714 2657 stultitiam
729 2623 784 2658 non
798 2604 881 2658 revol-

81 2666 166 2718 vitur.
204 2666 279 2731 Dixi,
290 2669 314 2719 si
325 2668 399 2722 forte
412 2671 570 2737 meministi,
591 2676 741 2742 concupito
752 2676 846 2743 vulgo,
858 2680 883 2724 et

82 2734 247 2799 formidato,
278 2738 437 2793 inconsulto
456 2741 560 2808 impetu
585 2745 733 2811 plerosque
753 2745 883 2798 calcasse.

82 2804 214 2870 lnventus
229 2813 271 2858 est
290 2811 334 2874 qui
352 2808 472 2861 flammis
484 2813 643 2877 imponeret
661 2829 786 2865 ninnum:
810 2816 883 2864 cuius

82 2872 168 2924 risum
181 2890 234 2926 non
247 2877 466 2946 interrumperet
477 2885 584 2932 tortore
606 2883 650 2949 qui
663 2882 691 2932 in
704 2881 804 2936 funere
815 2883 883 2934 libe-

81 2954 175 2993 rorum
187 2944 330 2997 lacrimem
342 2963 397 3000 non
408 2948 547 3001 mitteret:
569 2952 616 3018 qui
626 2952 716 3025 prorti
727 2950 883 3020 intrepidus

82 3019 251 3064 occurreret.
287 3017 381 3077 Amor,
397 3017 448 3081 iro,
465 3019 609 3085 cupiditas,
625 3021 753 3086 periculo
764 3023 884 3088 depopo-

74 3087 201 3133 scerunt.
241 3082 283 3136 tu.
306 3084 389 3147 onon
403 3085 499 3138 sinuo
515 3095 611 3152 potest
622 3090 717 3141 ureris
735 3089 883 3142 obstinatio

0 3214 2 3218 Α
67 3145 170 3211 enimi,
187 3151 289 3223 aliquo
303 3156 424 3209 stimulo
439 3156 580 3209 exe'itntu:
601 3161 891 3220 uuuntomugmmxxm
914 3159 915 3162 ’
