1942 3360
258 515 543 572 aeternare.
578 520 621 573 92.
802 520 835 572 tl

42 644 102 692 tem
119 635 232 689 stultius
253 634 379 700 homine,
399 639 484 691 rerba
503 640 659 692 metuente!
688 642 838 710 Eleganter

43 709 202 760 Demetrius
213 714 308 759 noster
318 707 391 758 solet
403 708 509 770 dicere,
532 709 626 760 eodem
642 711 703 761 loeo
713 713 765 761 sini
776 725 837 763 esse

43 794 125 830 voees
146 777 349 843 imperitorum,
374 791 429 844 quo
450 785 544 830 ventre
565 779 688 832 redditos
709 783 836 847 crepitus.

41 848 115 911 Quid
127 848 210 904 enini,
231 847 330 913 iuquit,
350 861 411 898 mea
422 847 517 909 refert,
536 862 642 898 rursum
653 848 701 898 isti
712 863 746 899 an
760 849 838 899 denir·

42 932 102 969 eum
111 915 232 968 aoneutl
243 915 353 976 Quanta
365 917 506 968 dementia
515 926 557 968 est
568 917 665 978 vereri,
677 933 711 968 ne
721 917 836 968 infame·

43 989 80 1038 rin
92 987 127 1037 ab
138 985 305 1036 intaminati
317 985 551 1046 Quemadmodum
564 987 664 1038 famam
672 986 839 1037 extimuistis

43 1058 104 1108 aine
113 1070 213 1108 canem
233 1055 275 1107 aio
286 1063 315 1107 et
326 1056 384 1115 illa,
399 1069 469 1122 quae
481 1071 616 1122 nunquam
630 1055 776 1115 timeretis,
787 1057 840 1104 nisi

44 1124 117 1177 lama
128 1128 264 1177 iussisset.
298 1126 340 1175 20.
361 1125 497 1193 Numqulel
512 1126 669 1177 detrimenti
684 1124 840 1177 laceretrir

43 1195 564 1262 bonus,iniquisrumorlbuaaspersus!
573 1195 718 1247 Neomorti
730 1191 839 1260 quidem

43 1265 114 1318 ltaao
133 1263 208 1331 apud
225 1277 274 1314 nos
288 1271 397 1315 noceat:
419 1273 448 1318 et
464 1266 530 1317 haec
545 1265 644 1316 malem
666 1264 839 1316 molitionem

43 1334 137 1388 habet.
172 1334 258 1385 Nemo
270 1347 379 1395 eorum,
399 1334 533 1403 quiillam
545 1340 689 1394 accusant,
711 1340 840 1400 expertus

43 1413 93 1457 tat.
131 1402 243 1454 interim
262 1405 407 1455 temeritas
423 1413 474 1465 eet,
495 1405 623 1455 damnare
635 1403 708 1469 quod
728 1405 841 1456 nesciae.

42 1478 78 1531 tt
89 1473 160 1524 tllun
172 1473 236 1533 seis,
248 1486 327 1537 quam
341 1474 435 1524 multis
447 1475 523 1525 utilis
534 1475 582 1534 ait,
603 1489 682 1540 quam
696 1474 797 1524 nrultos
808 1473 841 1523 li·

42 1541 289 1603 berettormentie,
308 1550 442 1610 egestate,
464 1544 592 1609 qirerelis,
612 1543 764 1609 suppliciis,
779 1549 839 1593 tae-

43 1613 100 1666 rlio.
138 1613 201 1664 Non
214 1626 309 1662 mmue
321 1615 346 1662 in
359 1611 444 1663 ullius
459 1618 614 1680 potestate,
632 1626 714 1679 quum
728 1626 800 1663 mors
811 1613 840 1662 iu

43 1689 143 1735 austra
152 1688 293 1753 potestate
304 1682 349 1732 sit.

257 1809 498 1862 sprerunt
536 1808 634 1863 xctl.

43 1896 176 1942 mitonem
186 1895 213 1938 in
221 1893 450 1944 huntindoniensi,
467 1900 489 1938 et
498 1893 542 1937 hue
551 1895 630 1938 manin
638 1893 731 1955 referri,
750 1899 773 1938 et
781 1893 807 1937 ὄπ
814 1909 842 1937 ea

69 1951 183 2011 perfectu
200 1951 292 1993 iuram
311 1952 385 1994 sitnm
403 1965 458 1995 este.
494 1950 601 1993 Essem
621 1953 670 1995 leue
688 1958 733 1995 aut
749 1951 843 1994 nullm

71 2010 168 2067 pondus
178 2005 265 2053 haim.
299 2007 448 2064 Voluptatem
462 2019 508 2048 non
520 2006 603 2062 fucere
618 2010 649 2049 nt
659 2006 750 2050 tearum
759 2006 842 2050 eitam.

73 2065 106 2110 Et
114 2076 183 2121 poste
193 2069 269 2105 tamen
279 2061 339 2103 sumi
345 2068 449 2105 externa:
458 2063 648 2116 quintanensium
655 2067 766 2105 numam
772 2066 828 2104 ruat
833 2077 844 2110 ,-

73 2121 115 2164 teet
124 2117 214 2161 tunicis
222 2137 229 2161 .-
238 2123 261 2160 et
269 2115 312 2159 loc
322 2123 379 2160 tunc
387 2117 413 2159 in
421 2117 452 2159 iit
464 2126 546 2159 tionum
553 2131 607 2167 esre,
617 2118 671 2160 bene
678 2116 743 2170 eligi.
772 2115 844 2159 telet-

73 2170 179 2219 lnmim
189 2179 212 2215 et
218 2173 268 2217 sina
278 2173 323 2222 iis,
340 2173 392 2216 eoin
406 2172 496 2216 uirtute
504 2173 609 2222 menn,
628 2172 676 2215 inne
686 2170 844 2215 lentissimum

74 2231 177 2288 aliquem
187 2242 239 2272 esre.

98 2300 184 2361 Puto,
204 2299 337 2350 interme
353 2304 435 2365 teque
451 2298 587 2358 contenit,
609 2305 723 2350 externa
733 2297 846 2365 corpori

46 2370 165 2440 acquiri,
176 2381 276 2435 eorpus
286 2367 314 2418 in
326 2363 457 2419 honorem
468 2369 551 2418 animi
563 2368 626 2430 ooli,
641 2370 669 2420 ln
681 2370 771 2419 anime
783 2380 845 2420 ease

47 2450 141 2511 partes
153 2440 303 2501 ministras,
319 2452 367 2504 per
378 2453 446 2505 quus
457 2453 599 2490 moremur
608 2437 771 2505 alimurque,
783 2451 844 2504 pro-

47 2522 109 2580 pter
119 2512 210 2577 ipsum
223 2507 373 2576 principale
384 2509 465 2559 noble
475 2509 565 2560 datus.
595 2508 624 2561 ln
637 2508 689 2560 lton
699 2506 846 2576 principali

48 2590 90 2634 est
100 2577 208 2647 aliquid
220 2577 399 2638 irrationale,
417 2585 459 2629 eat
474 2585 503 2629 et
518 2578 664 2630 rationale.
701 2576 772 2628 illud
782 2575 846 2627 huie

48 2654 145 2704 tersit:
167 2649 221 2701 hoo
242 2661 326 2698 unum
350 2653 401 2708 eat,
419 2648 491 2713 quod
514 2648 634 2700 alienon
650 2646 777 2707 refertur,
797 2644 846 2695 sed

49 2720 142 2774 emnia
157 2719 193 2771 ad
211 2732 241 2769 se
257 2715 370 2785 perfert.
406 2716 474 2767 Nam
490 2717 539 2768 iiia
550 2731 656 2785 quoque
666 2715 845 2766 divinarent

48 2791 178 2843 omnibus
188 2785 351 2854 praeposita
361 2793 419 2847 eat,
440 2787 502 2852 ipsa
513 2789 564 2837 sub
576 2785 650 2836 nullo
663 2792 717 2837 eat:
740 2791 768 2835 et
779 2782 847 2834 liaeo

48 2869 139 2914 autem
154 2865 252 2910 nostra
266 2855 361 2908 eaden
373 2859 430 2917 eet,
450 2857 513 2920 quia
527 2871 561 2907 er
577 2855 625 2906 illa
641 2861 693 2904 est.
727 2854 753 2905 Ἄ
772 2852 801 2905 Si
813 2852 846 2904 de

48 2929 98 2983 hoe
119 2931 198 2981 inter
217 2942 268 2978 nos
286 2923 423 2984 conserit,
443 2926 567 2990 sequitur
582 2924 615 2974 'ut
628 2923 662 2975 tle
675 2923 725 2974 illo
738 2936 847 2990 quoque

47 3001 203 3059 conveniat,
222 2998 250 3048 in
261 2993 315 3045 hoe
325 3006 379 3043 uuo
390 2994 508 3059 positam
521 3009 581 3045 esee
593 2994 700 3045 beatam
712 2993 806 3055 vitam,
816 2999 847 3044 ut

48 3067 254 3126 iauoblaratio
266 3060 446 3131 pertentarit.
480 3063 855 3119 Haeuenimsoianonan'o·
