1942 3360
211 525 495 585 urtsrohsu.
530 531 573 585 88.
752 529 786 587 ³9

43 682 47 698 .
66 644 181 700 Nullum
192 646 326 713 suspicio,
336 648 440 700 nullum
450 650 569 704 inbonis
579 651 787 720 numero,qund

43 732 89 767 nes
101 716 170 766 exit.
207 716 355 768 Meritoria
366 721 485 783 artificia
494 729 567 783 sunt,
579 720 719 774 ¹haetenus
730 722 785 773 uti·

51 787 76 837 si
92 792 258 852 praeparant
268 787 423 906 inponium,
433 804 488 841 non
500 791 633 841 detinent.
668 793 786 843 'l'amdiu

43 873 66 907 m
78 856 142 906 istis
154 858 287 906 innatoran
310 872 354 907 um
370 865 414 908 est
423 896 431 921 ‚
453 858 664 924 quamdiunihil
681 862 787 911 animus

43 942 78 977 re
96 925 186 975 maius
203 932 304 989 potest.
342 927 508 979 lludimenta
525 935 590 979 sunt
606 935 712 990 nostra,
732 945 787 978 non

43 1010 88 1046 rra
126 995 218 1061 Quare
230 994 358 1048 liberalia
367 996 461 1048 studia
472 997 611 1049 dictasint
622 997 711 1057 arides,
722 998 788 1061 quia

43 1065 108 1115 nine
119 1063 209 1115 libero
222 1062 306 1131 digna
316 1073 387 1115 sunt.
423 1068 550 1118 Ceterum
567 1081 649 1117 unum
665 1065 787 1117 studium

44 1152 59 1186 c
70 1133 187 1185 liberale
199 1141 254 1194 est,
265 1134 338 1199 quod
350 1135 464 1187 liberum
476 1135 553 1197 lacit,
565 1134 618 1187 hoc
628 1144 671 1186 est
680 1136 788 1201 sapien·

43 1222 58 1264 e,
69 1202 196 1262 sublime,
208 1202 294 1265 forte,
306 1205 522 1271 magnanimum:
543 1213 637 1257 cetera
649 1205 747 1271 pusilla
758 1212 788 1255 et

43 1273 115 1324 erilia
131 1278 203 1322 sunt.
237 1272 263 1322 2
281 1275 321 1324 An
337 1281 368 1323 tu
383 1273 532 1341 quidquam
548 1276 576 1325 in
587 1275 647 1326 istis
659 1290 720 1326 esse
731 1289 788 1325 cre·

51 1341 135 1402 boni,
159 1356 274 1407 quorum
291 1341 461 1408 professores
478 1346 654 1410 turpissimos
666 1346 786 1394 omnium

48 1411 283 1478 flagitiosissimos
304 1411 409 1463 cernisi
441 1413 502 1465 hion
523 1414 630 1466 discere
657 1414 786 1465 debemus

43 1501 63 1542 r,
87 1480 137 1532 sed
157 1480 295 1532 didicisse.
337 1481 455 1541 Quidam
477 1481 546 1533 illud
567 1482 601 1534 ds
622 1482 786 1533 liberalibus

43 1551 95 1601 rliis
111 1550 297 1617 quaerendum
313 1550 516 1612 iudicaverunt,
537 1566 572 1602 an
587 1551 674 1602 virum
685 1553 786 1601 bonum

43 1628 129 1672 erent.
147 1617 190 1670 Ne
203 1619 366 1686 promittunt
376 1620 495 1685 quidem,
506 1635 555 1671 nec
565 1617 645 1670 huius
655 1623 787 1672 reiscien·

43 1706 61 1741 n
75 1687 218 1741 affectant.
248 1688 452 1740 Grammaticus
463 1690 537 1742 circa
548 1704 640 1741 curum
653 1692 787 1741 sermonis

43 1766 135 1820 satur,
157 1758 222 1809 etsi
238 1757 322 1810 latius
337 1761 448 1826 erugari
464 1759 535 1820 vult,
557 1761 631 1812 circu
644 1759 785 1811 historias.

43 1846 49 1881 r
62 1837 93 1880 ut
104 1829 267 1895 longissime
278 1828 346 1880 lines
356 1843 423 1881 suos
433 1829 644 1896 proferatcircu
654 1831 786 1882 carmina.

43 1898 108 1961 laid
125 1898 225 1950 horum
240 1898 274 1949 ad
293 1898 421 1951 virtutem
439 1899 509 1953 viam
520 1898 638 1952 sterniti
660 1898 786 1966 Syllaba·

43 1985 51 2020 r
63 1968 222 2030 enarratio,
234 1975 263 2019 et
274 1968 416 2019 verborum
428 1968 581 2034 diligentie,
590 1976 618 2020 et
630 1968 785 2020 tabularum

43 2043 171 2098 noriaet
180 2051 306 2089 versuum
319 2035 364 2088 lex
376 2053 409 2088 ac
420 2038 605 2089 mdtlicatiol
617 2037 688 2099 onio
700 2054 733 2089 ex
744 2035 786 2088 his

43 2125 96 2160 :um
110 2107 210 2169 demit,
231 2106 412 2172 cupiditatem
424 2108 534 2167 eximit,
557 2105 702 2158 libidinem
713 2105 785 2157 irae·

46 2177 110 2230 tau
121 2176 301 2244 geometriam
315 2184 495 2237 transeamus,
506 2183 534 2228 et
545 2176 579 2227 nd
591 2177 737 2227 musicam:
749 2177 788 2226 ni-

43 2246 116 2316 spud
128 2247 193 2300 illus
203 2245 336 2307 invenias,
358 2244 430 2312 quod
441 2252 517 2297 vetet
528 2245 635 2307 timere,
651 2252 726 2297 vetet
739 2261 786 2296 cu·

43 2335 70 2371 e:
93 2332 167 2384 quae
180 2315 302 2382 quisquis
313 2314 439 2383 ignorat,
460 2314 517 2368 aliu
526 2314 632 2367 frustra
643 2316 704 2366 scit.
741 2313 788 2366 Vi·

43 2389 111 2440 dum
123 2395 216 2439 utrum
228 2384 345 2436 doceant
356 2384 406 2437 isti
417 2385 554 2447 virtutem,
566 2401 600 2437 an
611 2402 673 2438 non.
693 2383 786 2437 Sinon

43 2465 108 2519 ent,
128 2472 180 2508 nec
191 2454 305 2507 tradunt
315 2456 437 2524 quidem:
458 2456 483 2506 si
495 2455 609 2518 docent,
630 2452 788 2522 philosophi

43 2536 62 2579 t.
90 2526 118 2578 4.
133 2526 183 2581 Vis
196 2525 277 2588 seire,
288 2541 367 2591 quam
381 2542 435 2577 non
448 2525 483 2576 ad
497 2525 646 2579 docendam
656 2528 786 2577 virtutem

43 2594 787 2662 sederintiadspicequamdissimiliainterseonsnium

43 2669 80 2720 lis
91 2667 158 2718 sint.
192 2666 271 2731 Atqui
285 2663 436 2717 similitudo
449 2673 523 2716 esset
534 2664 606 2716 idem
618 2662 787 2715 docentium.

43 2740 48 2790 i
61 2739 140 2789 lorte
151 2734 364 2786 tibillomerum
377 2731 568 2800 philosophum
582 2733 668 2782 fuisse
679 2745 788 2798 persuu-

43 2817 63 2870 t,
75 2820 174 2874 quum,
185 2801 229 2853 his
240 2803 307 2869 ipsis
320 2802 573 2869 quibuscolligunt,
585 2807 693 2868 negent.
717 2800 787 2851 Nom

43 2876 69 2930 Ιο
76 2876 206 2930 Stoicum
218 2872 296 2925 illum
308 2870 557 2933 iaciunt,virtutem
569 2872 656 2921 solam
669 2870 787 2934 proban-

43 2956 95 3012 ‚et
108 2944 271 3008 voluptates
281 2941 511 3008 refugientem,et
521 2942 555 2993 ab
566 2937 681 2992 honesto
694 2954 729 2991 ne
738 2938 788 2988 ins-

43 3014 175 3072 talitatis
188 3011 296 3077 quidem
308 3010 397 3078 pretio
413 3008 602 3063 recedentem:
628 3008 710 3061 modo
724 3007 789 3076 lipi-

43 3104 116 3150 :um,
127 3079 290 3136 laudantem
303 3091 406 3136 statum
417 3079 528 3150 quietae
539 3079 673 3142 ciuitatis,
682 3079 800 3130 saintes
