1838 3456
296 111 579 168 EPISTOLAE.
616 116 659 168 75.
824 117 874 171 2⁰9

73 236 154 316 primi
175 240 242 284 sunt
254 235 299 298 qui
314 234 478 300 sapientiam
495 235 614 285 nondum
626 235 736 298 babent,
758 236 873 288 sedium

62 317 99 352 ¹sn
112 303 215 353 vicinia
227 303 286 352 eius
297 305 491 354 constiterunt.
513 305 619 354 'l'amen
631 306 714 356 etiam
727 305 800 372 quod
813 322 872 371 pro·

61 375 106 436 'pe
127 382 179 432 est,
201 387 236 422 ex
259 387 309 422 ora
330 379 382 422 cst.
418 373 442 423 7.
464 373 516 433 Qut
535 372 593 422 sint
610 371 648 434 bi,
671 374 798 440 quaerisi
819 376 874 437 Qui

80 454 167 491 omnes
186 442 242 490 iam
265 439 380 491 allectus
396 456 429 491 ac
443 442 514 492 vitia
529 451 692 507 posuerunt:
713 458 782 508 quae
793 452 874 495 erant

82 509 294 575 complectenda,
306 509 477 562 didicerunt:
497 510 545 561 scd
558 509 616 561 illis
627 509 717 562 adbuc
728 514 875 578 inexperta

0 604 2 625 l
83 578 175 629 fiducia
196 588 248 630 esi.
284 577 393 629 Bonum
416 594 495 630 suurn
516 579 681 630 nondunrin
702 579 873 632 usuhabent.

0 641 4 644 ’
85 644 132 696 lain
143 655 235 699 tamen
253 647 281 697 in
293 647 343 698 illa
354 663 424 713 qnae
440 648 583 716 fugerunt,
605 649 734 700 decidere
747 663 802 699 non
814 665 874 717 pos·

87 725 151 767 sont:
173 719 226 768 iam
250 717 288 768 ibi
307 724 380 777 sunt,
402 716 474 769 unde
485 732 540 768 non
552 725 595 769 est
606 724 684 770 retro
695 717 800 784 lapsus:
824 718 872 770 sed

0 775 13 850 ξ
88 782 132 834 buc
150 785 203 837 illis
224 786 303 838 dese
320 786 439 837 nondum
458 786 552 852 liquet,
575 793 605 838 et
620 786 694 854 quod
711 788 738 839 in
753 788 872 854 quadam

0 858 17 922 p
91 853 194 916 epistola
213 855 358 922 scripsisse
379 870 422 907 me
444 856 566 918 memini,
589 859 663 908 scire
684 872 714 909 se
735 858 872 909 nesciunt.

0 928 23 973 Ι
68 931 69 936 ’
92 918 135 972 ltu
154 925 271 991 contigit
289 925 343 974 illia
356 924 429 975 bono
442 939 492 975 suo
503 924 569 987 frui,
591 927 712 977 noudum
725 927 872 979 confidere.

7 986 17 993 “
65 992 66 995 ’
94 989 113 1036 8·
125 992 231 1052 Quidam
246 990 298 1044 boc
309 992 512 1060 proficientium
526 1009 628 1062 genus,
650 998 750 1062 dequo
762 996 873 1047 locutus

14 1112 28 1124 .
74 1106 75 1111 ,
95 1071 148 1119 sun,
159 1062 194 1114 ita
204 1062 437 1130 complectuntur,
454 1071 485 1112 ut
496 1062 559 1114 ilios
571 1065 665 1116 dicant
676 1066 730 1114 ianr
742 1064 872 1131 effugisse

0 1136 34 1202 Π,
98 1131 185 1183 uorbus
198 1133 294 1196 animi,
306 1131 425 1183 allectus
439 1133 570 1194 nondum,
586 1140 614 1184 et
626 1131 715 1183 adbuc
726 1135 752 1182 in
764 1133 872 1185 lubrico

0 1202 38 1268 η
97 1203 162 1250 liare:
183 1203 248 1270 quia
264 1217 344 1253 nemo
355 1202 392 1251 sit
403 1208 483 1252 extra
495 1201 646 1268 periculum
659 1201 799 1262 malitiae,
821 1204 874 1254 nisi

74 1287 75 1290 ¹
99 1266 131 1328 qui
140 1276 217 1321 totam
231 1286 291 1322 eam
313 1272 446 1323 excussit.
483 1271 571 1322 Nemo
584 1281 675 1322 autem
688 1270 764 1322 illam
776 1286 873 1324 excus-

30 1395 32 1397 ,
99 1333 130 1409 §il
146 1342 193 1392 nisi
204 1341 250 1406 qui
266 1356 315 1408 pro
329 1339 380 1390 illa
391 1341 559 1406 sapientiam
576 1341 716 1392 assumsit.
752 1341 778 1392 9.
800 1341 872 1403 Quid

46 1458 49 1461 ,
100 1411 152 1456 uter
168 1411 278 1462 morbos
301 1409 386 1460 animi
407 1409 518 1461 intersit
530 1418 559 1461 et
571 1410 698 1472 allectus,
721 1425 804 1476 saepe
817 1413 872 1463 iam

44 1530 48 1532 ,
73 1503 75 1527 ;
99 1469 151 1527 liii:
169 1495 239 1530 nune
250 1495 361 1546 quoque
374 1487 401 1530 te
414 1479 578 1531 admonebo.
614 1479 706 1530 Morbi
723 1487 788 1532 sunt
799 1481 874 1533 inre.

29 1606 31 1609 .
74 1582 78 1589 ,
99 1546 252 1610 terataritia,
275 1556 303 1600 et
315 1548 397 1598 dura:
418 1556 448 1599 ut
460 1550 589 1610 avaritia,
600 1555 632 1599 ut
643 1549 758 1600 ambitio
772 1549 872 1600 nimio:

15 1643 50 1697 Ψ
73 1680 74 1687 ¹
98 1615 224 1670 turbare
245 1617 365 1668 animum
389 1616 596 1682 implicuerunt,
619 1624 647 1668 ct
664 1623 800 1683 perpetua
812 1633 872 1668 csse

24 1714 38 1742 ¹„
98 1683 151 1736 nala
169 1688 228 1740 eius
252 1694 411 1753 coeperunt.
448 1687 486 1738 Vt
501 1686 738 1746 breviterfiniam,
760 1685 873 1736 morbus

6 1768 17 1775 ·
66 1753 75 1807 s
96 1759 125 1802 nt
142 1757 267 1809 iudicium
289 1757 315 1805 in
327 1769 411 1821 praru
431 1755 570 1820 pertinax,
592 1753 815 1821 tanquumralde
829 1770 874 1806 ex-

0 1874 6 1885 s
29 1878 36 1884 ,
95 1825 186 1883 peteuda
197 1828 264 1887 sint,
280 1838 350 1891 quae
362 1823 463 1876 leuiter
474 1823 629 1891 expetenda
639 1830 712 1874 sunt.
749 1826 790 1874 10.
812 1823 872 1885 Vel,

60 1940 61 1943 ,
93 1890 200 1958 sinaris,
213 1898 254 1948 ita
265 1895 407 1946 liniamus:
421 1892 501 1944 nimis
514 1895 657 1945 imminere
669 1893 770 1946 leviter
782 1901 874 1960 peten-

5 2005 7 2007 ,
92 1956 131 2025 lis,
150 1967 194 2019 vei
211 1981 246 2017 ex
263 1971 323 2016 toto
341 1978 394 2014 non
406 1964 545 2030 petendis,
567 1963 655 2015 autin
668 1979 769 2032 magno
782 1964 872 2029 pretio

0 2079 24 2091 ..
89 2024 169 2087 lubere
190 2038 219 2085 in
241 2034 336 2101 aliquo
356 2032 490 2095 habenda,
512 2033 554 2086 val
570 2034 598 2084 in
615 2033 701 2085 nullo.
737 2033 874 2093 Affectus,

13 2119 31 2155 ’,
49 2163 50 2167 ¹
88 2113 136 2154 tunt
147 2113 241 2156 motus
258 2105 341 2154 animi
359 2103 568 2169 improbabiles,
590 2104 675 2154 subiti
687 2111 716 2155 ot
726 2103 872 2155 concitati:

21 2193 29 2228 ι
48 2197 49 2200 ¹
84 2174 115 2236 tui
129 2175 291 2240 frequentes
307 2173 497 2239 neglectique,
518 2172 612 2225 fecere
628 2173 772 2223 morbum:
796 2173 869 2220 sicut

10 2284 17 2292 .
48 2264 49 2267 ¹
84 2239 222 2296 distillatio
235 2257 299 2302 una,
310 2257 360 2292 nec
371 2239 461 2294 adbuc
472 2244 499 2293 in
511 2258 615 2295 moreni
628 2241 759 2301 adducta,
775 2239 872 2289 tussim

0 2345 2 2350 >
49 2307 148 2377 'lurit3
170 2312 431 2373 assiduaetvctus,
452 2309 584 2377 phthisin.
622 2307 875 2377 ltaquequipluriss

25 2405 29 2438 3
77 2390 139 2435 uum
154 2379 316 2450 proiecere,
336 2385 417 2432 extra
429 2381 541 2431 morbus
552 2387 628 2430 suot:
651 2377 767 2429 allectus
784 2374 873 2426 adbuc

25 2447 29 2464 ,
73 2454 202 2512 mutiunt,
214 2449 341 2517 perlecto
353 2448 480 2515 proximi.
508 2451 550 2499 il.
563 2446 721 2500 Secundum
733 2461 819 2513 genus
832 2451 874 2494 est

33 2529 35 2531 ’
65 2537 162 2577 eorum
170 2559 178 2585 ,
203 2520 291 2587 quiet
305 2519 426 2569 maxima
439 2517 524 2568 animi
537 2518 609 2569 mala
620 2523 649 2568 et
660 2516 777 2568 affectus
788 2514 872 2579 ‹lepo-

16 2615 20 2625 .
56 2597 194 2652 luerunt,
206 2588 256 2641 sed
269 2590 317 2649 ita,
328 2592 425 2638 utnon
439 2587 477 2637 sit
488 2586 546 2637 illis
557 2586 790 2639 securitatissuae
798 2590 874 2635 certa

0 2665 2 2685 ³
101 2661 230 2716 ssessio:
247 2667 366 2724 possunt
378 2658 450 2711 onim
463 2657 493 2711 in
507 2656 605 2713 eadem
615 2657 721 2714 relabi.
750 2653 891 2708 'irrisum

15 2788 19 2792 ,
40 2665 129 2786 Risi
139 2743 236 2797 genus
248 2734 329 2781 estro
343 2730 435 2788 multa
446 2740 478 2788 et
489 2750 599 2807 magna
608 2733 688 2788 sitia
703 2737 767 2796 esi,
786 2725 914 2777 semi*

0 2804 18 2859 ,ἦ
42 2837 60 2886 i,
80 2796 222 2850 essuos
249 2796 375 2855 Vollll.
671 2806 699 2854 ὓ
