1942 3420
269 14 396 77 deretur,
407 11 457 63 sed
466 12 583 63 finitum.
619 12 723 63 Eodem
735 11 817 62 modo
828 9 936 76 aliquid
949 8 965 58 d

268 90 313 135 ter
328 82 418 134 securi
428 82 622 148 cogitavimus:
638 80 786 132 novissime
797 87 940 131 crescente
951 78 967 127 d

269 161 340 213 tate,
361 153 510 205 insecabile
521 152 661 204 inventum
673 157 725 202 est
762 148 808 202 Sic
817 149 854 201 ab
865 164 911 212 eo,
932 163 967 215 qu

271 228 300 274 et
310 235 391 288 aegre
403 222 571 281 movebatur,
584 220 769 286 processimus
780 218 815 269 ad
824 218 969 271 immobile

271 290 332 343 dem
347 289 456 342 ratione
471 288 575 355 aliquid
585 289 733 342 secundum
746 295 873 341 naturam
884 288 954 338 fuit:

271 359 353 411 eliam
366 362 560 424 proprietatem
568 359 735 425 ,magnitudo
744 374 795 410 suu
805 357 965 420 transtulit,

271 425 419 480 numfecit
739 473 741 478 ,

468 494 713 550 EPISTOLA
748 495 857 550 CXIX

293 564 327 610 De
336 564 431 609 diuitiis
441 566 589 623 spernendis.
603 566 673 621 deque
682 564 829 609 continentia
839 571 862 608 ct
872 569 965 624 temper

323 634 438 699 Quoties
450 635 670 702 uliquidinreni,
689 651 743 687 nou
752 642 900 702 exspecto,
922 636 971 688 do

273 720 328 767 cus,
339 707 369 758 ln
380 721 535 757 commune:
552 704 610 770 ipse
622 703 690 756 mihi
701 704 772 757 dico.
800 705 875 767 Quid
887 706 955 773 sitq

271 776 407 836 venerim,
427 772 554 842 quaerisl
574 774 669 824 Sinum
678 774 751 836 luxa,
772 789 879 827 merum
892 776 954 828 lucr

271 843 385 895 Docebo
397 844 534 908 quomodo
545 843 606 895 deri
618 841 696 902 dires
708 845 849 896 celerrime
859 847 955 912 possis

271 912 353 963 valde
364 913 441 977 cupis
452 912 554 963 audire.
590 911 648 963 Nec
663 913 817 968 immeritos
840 915 876 965 ud
890 917 968 968 moxi

271 981 383 1033 divitias
394 981 599 1048 compendiaria
610 981 716 1035 ducem.
752 986 828 1050 Opus
844 984 900 1036 erit
910 992 969 1038 tam

273 1051 420 1104 creditore.
457 1052 491 1103 Ut
501 1053 640 1119 negotiari
650 1054 752 1118 possis,
777 1067 824 1106 ees
840 1054 965 1107 alienum

273 1129 396 1188 oportet:
417 1122 465 1174 sed
477 1122 541 1174 nolo
553 1137 601 1188 per
612 1123 823 1175 intercessorem
835 1127 969 1176 mutuer‘

273 1197 440 1258 proxenetae
461 1208 559 1245 nomen
580 1199 656 1243 tuum
673 1194 786 1244 iactent.
823 1193 849 1244 2
868 1194 955 1248 Paret

272 1262 440 1313 creditorem
456 1259 541 1324 debu,
559 1263 738 1315 Catonianum
753 1262 846 1314 illum:
869 1279 887 1315 s
903 1272 932 1315 te
944 1282 961 1316 n

272 1345 375 1381 sumes.
411 1331 688 1399 Quantulumcunque
698 1338 750 1395 est,
772 1334 843 1385 sotis
854 1335 920 1396 erit,
942 1334 966 1386 si

273 1398 338 1465 quid
350 1398 452 1461 deerit,
470 1399 499 1450 id
512 1415 528 1451 u
539 1403 619 1453 nobis
630 1403 799 1469 petierimus.
839 1401 916 1456 Nihil
928 1420 963 1457 en

273 1467 374 1530 Lucili,
393 1469 519 1532 interest,
539 1478 629 1523 utrum
651 1488 705 1524 nou
726 1471 878 1535 desideres,
899 1489 936 1525 uu

276 1537 387 1589 Summa
397 1539 438 1589 rei
446 1538 475 1588 iu
485 1548 602 1608 utroque
618 1548 660 1592 est
676 1541 786 1594 eodem:
811 1558 866 1594 non
883 1550 967 1611 torqu

273 1608 332 1658 Nec
341 1606 411 1658 illud
424 1609 574 1658 urueciuio.
594 1618 626 1658 ut
638 1611 741 1658 uliuuid
754 1618 871 1658 naturae
888 1630 966 1658 neno.
