1942 3360
257 519 547 576 aelsrouaa.
582 519 626 574 el.
813 521 849 577 09

40 661 59 697 a
69 646 222 710 compecto
233 645 320 698 marie
331 643 457 694 utebant=
476 643 596 693 accurit
606 642 678 711 ignia
690 639 786 706 colles,
798 657 847 710 per

41 729 112 783 quoa
124 713 267 767 elucebet:
291 714 377 765 erosit
399 723 427 765 et
438 711 576 779 quondam
592 713 742 766 altissimos
759 714 845 766 verti·

41 800 103 847 αις
125 784 230 835 solatia
248 783 437 852 navigantium
457 796 491 833 ac
510 782 640 850 speculae
661 783 695 834 ad
713 782 845 837 humilem

40 869 153 906 arenant
167 853 289 906 deduxit.
326 853 415 919 ipsius
425 859 541 904 naturae
551 866 637 918 opera
647 860 796 906 vexanturr
818 861 847 907 et

41 924 105 976 ideo
128 938 219 990 aequo
241 925 334 974 animo
358 923 433 975 ferre
454 922 585 975 debemus
602 922 710 974 urbium
727 924 846 975 excidia.

43 995 150 1046 Caaura
160 994 253 1045 omnio
264 999 389 1045 enatant:
410 994 537 1044 omnibus
554 995 645 1045 exitua
658 998 775 1045 manete
789 994 847 1044 aire

43 1065 156 1116 interna
177 1065 218 1114 vie
239 1064 377 1130 flatusque
397 1063 534 1130 praeclusi
549 1078 582 1115 ao
599 1064 716 1115 rioienti
732 1063 848 1129 pondua,

43 1135 93 1186 rub
114 1149 172 1202 quo
188 1140 328 1196 tenentur,
349 1133 533 1196 excusserint5
553 1135 611 1186 eive
633 1134 799 1185 torrentium
817 1134 845 1183 in

42 1203 141 1257 abdito
153 1204 196 1254 ria
207 1205 314 1256 rectior
328 1205 467 1256 obstantia
478 1203 631 1272 effregerit3
652 1207 712 1257 aive
723 1201 848 1255 ssaninna·

42 1287 102 1326 roro
119 1273 258 1327 violentia
272 1276 463 1342 compaginem
479 1274 533 1326 ooli
552 1275 670 1342 ruperit3
691 1278 751 1326 eive
772 1282 848 1326 uetu-

41 1353 108 1407 ιω,
121 1359 140 1394 a
149 1360 205 1410 qua
215 1343 282 1395 nihii
294 1353 382 1394 tutum
393 1352 444 1404 eat,
463 1347 662 1412 expugnaverit
674 1346 848 1409 minutati1n3

42 1418 99 1468 tire
111 1415 238 1483 graviter
249 1415 320 1465 coeii
333 1414 446 1465 eiecerit
458 1415 590 1481 populos,
611 1423 639 1467 et
651 1417 723 1467 eitun
735 1415 846 1472 deserto

43 1484 210 1552 corruperit.
247 1487 416 1536 Enumerare
439 1499 533 1536 onrneo
555 1483 678 1537 fatorum
699 1487 767 1546 rino,
787 1486 847 1537 lun·

42 1572 107 1624 gum
123 1564 177 1608 ert.
214 1556 277 1606 Hoc
289 1568 373 1605 unum
385 1553 457 1605 noio:
479 1555 572 1606 omniu
581 1555 740 1606 mortalium
753 1571 848 1623 opera,

42 1626 219 1679 mortalitate
240 1625 371 1677 damnata
390 1630 469 1676 eunt:
491 1625 566 1677 inter
583 1627 706 1693 peritura
720 1627 847 1678 vivimus.

44 1696 85 1750 13.
106 1697 187 1748 Haec
207 1711 274 1764 ergo
290 1702 373 1763 atque
384 1694 522 1747 eiusmodi
536 1695 639 1747 eulatia
655 1695 790 1748 admoveo
802 1698 849 1749 Li·

41 1767 133 1820 beraii
145 1775 253 1828 nortro,
274 1765 432 1818 incredibili
444 1766 562 1832 quodem
575 1768 682 1833 patriae
693 1782 761 1819 auae
772 1782 848 1819 nmo·

41 1852 72 1890 rc
82 1837 231 1904 flagranti:
254 1850 322 1903 quae
334 1835 610 1890 sortaaeeconeunrta
626 1844 681 1899 cet,
703 1844 735 1888 ut
747 1838 775 1888 in
793 1853 848 1890 rne-

40 1908 95 1960 iiue
105 1910 288 1960 excitaretur.
324 1905 412 1974 Saepe
423 1907 522 1960 maiori
533 1907 665 1960 fortunae
676 1908 767 1960 locum
781 1907 849 1960 iecit

37 1979 160 2031 iniuria:
182 1978 270 2030 multa
282 1977 449 2038 ceciderunt,
465 1983 496 2028 ut
506 1977 591 2029 altius
604 1985 759 2044 surgerent,
778 1986 806 2030 et
819 1979 848 2030 in

39 2050 141 2103 moiun.
178 2049 355 2116 Timagenes,
365 2047 496 2099 felicitati
508 2049 586 2100 urbia
597 2047 733 2108 inimicus,
744 2048 848 2110 aiebat,

39 2120 148 2171 Reum
158 2118 213 2170 eibi
225 2116 352 2170 incendic
366 2118 401 2169 ob
414 2116 466 2168 hoc
476 2132 559 2168 unum
571 2117 667 2171 ,uoloni
679 2132 753 2180 erre,
774 2117 848 2183 quod

38 2191 128 2242 sciret
138 2190 258 2242 nreiiora
267 2196 467 2252 resurrectura,
481 2202 562 2253 quarn
576 2188 718 2240 urairrent.
755 2188 784 2238 in
796 2185 849 2240 huo

40 2274 152 2328 quoque
166 2261 234 2312 urbe
246 2258 398 2310 verisimile
408 2264 452 2309 eat
462 2263 618 2311 certaturae
630 2272 725 2311 omnen
735 2272 803 2321 eree,
817 2267 848 2309 ut

40 2332 152 2383 maiora
166 2330 351 2396 certioraque,
362 2343 443 2396 quam
454 2329 582 2390 amisere,
591 2328 785 2381 reatituantur.
807 2327 847 2381 14.

40 2402 104 2454 Sint
115 2403 223 2451 utinam
237 2400 383 2463 diuturna,
404 2405 434 2453 et
446 2398 607 2452 melioribus
621 2400 753 2466 auspiciis
764 2402 792 2451 in
804 2415 848 2450 aa·

40 2489 103 2525 rum
115 2471 230 2538 longius
240 2468 365 2522 conditui
387 2469 457 2522 Nam
473 2468 538 2522 huic
549 2470 675 2523 coioniae
686 2471 721 2522 ab
737 2470 847 2538 origine

39 2559 89 2596 rua
111 2541 283 2594 centenimus
298 2547 450 2603 annureet,
471 2549 549 2594 aetat
568 2558 602 2593 ne
622 2539 846 2607 hominiquidern

40 2622 178 2667 extrema.
216 2610 354 2664 APianco
370 2610 502 2675 deducta,
521 2611 550 2663 in
566 2609 637 2663 hanc
651 2610 849 2678 frequentiam,

40 2683 95 2737 ioci
106 2682 334 2751 opportunitate,
356 2680 509 2733 convaluit:
529 2696 599 2748 quae
611 2690 702 2732 tannen
714 2680 846 2746 graviori·

40 2769 101 2808 mor
112 2768 198 2807 catur
213 2752 290 2803 intra
304 2752 424 2818 epatium
441 2748 576 2803 humanae
593 2750 707 2817 pertulit
723 2756 849 2801 senectu-

40 2826 86 2878 tir.
123 2826 224 2890 itaquo
234 2822 374 2874 iuraretur
384 2822 490 2873 animoa
502 2822 536 2872 ed
548 2820 730 2882 intellectum,
742 2821 849 2885 potien-

40 2898 166 2962 tiamque
177 2895 264 2944 nortio
276 2907 357 2952 eune,
377 2899 407 2943 et
416 2891 488 2943 aciat
498 2891 567 2943 nihii
578 2893 703 2942 inauounn
719 2905 780 2942 erae
792 2889 848 2942 for·

40 2974 133 3019 tunae.
176 2962 229 3022 15„
239 2963 377 3014 novercae
388 2961 507 3027 imperia
523 2962 598 3013 illoto
611 2961 684 3013 idem
696 2957 798 3013 hebere
809 2960 849 3012 iu·

40 3037 86 3100 ria,
102 3034 182 3105 quod
194 3032 325 3084 novenos
336 3035 516 3099 imperantem
537 3031 669 3083 advertar
681 3033 763 3084 arbee
774 3031 853 3083 idern

41 3120 132 3174 purae,
157 3103 231 3169 quod
247 3104 381 3156 odrerrue
396 3101 536 3160 hooiiuea.
568 3101 775 3160 annuorum
789 3101 867 3151 'uuun-
