1912 3534
278 575 566 650 urrsronsu.
606 576 646 628 ro.
829 573 864 626 so

11 690 13 693 ’
52 697 185 748 iortunae
199 697 406 747 contumaciter
418 696 593 747 resistamus:
616 693 684 747 haec
694 694 818 755 docebit,
832 700 862 744 ut

52 768 140 817 Deum
158 766 302 831 sequaris,
325 764 399 815 feras
414 780 516 815 casum.
554 764 608 814 Sed
625 781 679 815 non
697 771 739 814 est
751 779 822 813 nune
834 764 861 812 in

5 841 7 845 “
52 834 122 886 hane
136 835 359 900 disputationem
372 835 587 894 transeundum,
609 833 673 900 quid
684 835 721 883 sit
733 833 800 882 iuris
813 848 861 883 no-

7 906 8 910 ’
50 907 112 965 stri,
123 906 148 954 si
161 905 342 969 providentia
352 906 380 953 in
390 904 506 969 imperio
518 910 574 963 est,
586 909 636 952 aut
647 904 672 952 si
683 901 805 953 fatorum
818 917 861 952 se·

51 975 106 1024 ries
117 974 248 1040 illigatos
259 970 358 1032 trahit,
379 980 428 1022 eut
439 974 463 1022 si
473 973 632 1039 repentina,
654 979 701 1021 aut
712 973 804 1021 subita
815 970 862 1021 do·

53 1043 212 1093 minantur:
224 1043 275 1094 iilo
286 1057 358 1092 nune
368 1051 502 1103 revertor,
515 1049 545 1092 ut
557 1049 586 1091 te
598 1055 723 1091 moneam
731 1038 862 1090 eteshor·

53 1120 102 1169 ter.
119 1129 156 1163 ne
169 1113 290 1177 potiaris
301 1111 424 1162 animum
435 1118 512 1161 tuum
526 1110 618 1162 delabi
631 1120 659 1161 et
672 1108 861 1175 refrigescere.

4 1183 5 1186 ’
55 1183 205 1233 Constitue
215 1183 306 1242 iilum,
328 1187 356 1232 et
367 1181 487 1241 contine,
509 1187 541 1230 ut
551 1179 663 1230 habitus
675 1179 723 1228 dat
734 1177 807 1243 quod
819 1186 861 1228 est

9 1302 10 1310 ἶ
54 1251 185 1318 impetus.
207 1280 237 1289 -
274 1251 301 1302 6.
320 1251 376 1301 lam
388 1250 422 1300 ab
434 1250 533 1312 initio,
553 1251 579 1299 si
591 1249 660 1300 bene
671 1254 700 1299 te
712 1246 790 1308 novi,
811 1247 864 1296 cir·

2 1371 10 1392 ,
54 1321 245 1388 cunrspexisti,
269 1321 367 1385 ecquid
380 1318 448 1370 haec
459 1318 581 1385 epistola
593 1317 748 1368 munusculi
760 1317 861 1367 attuie·
913 1331 920 1343 ·

6 1426 11 1434 τ,
54 1389 105 1438 riti
117 1389 228 1439 Excute
242 1388 329 1450 iilam,
341 1395 369 1440 et
381 1390 513 1439 invenies.
537 1388 600 1439 Non
613 1398 655 1439 est
666 1388 739 1455 quod
752 1386 862 1437 mireris

7 1468 10 1472 ”
54 1458 174 1508 animum
188 1457 396 1508 meum:adhuc
408 1458 442 1508 de
454 1458 685 1509 alienoiiberaiis
696 1472 764 1506 sum.
790 1456 863 1517 Qua·

10 1568 13 1592 ,
55 1543 83 1578 re
94 1535 191 1578 eutem
203 1528 325 1578 alienum
338 1527 413 1578 dixii
429 1526 563 1593 quidquid
576 1527 759 1579 benedictum
772 1530 815 1574 est
827 1523 862 1574 ab

1 1629 15 1659 ,2
56 1596 122 1659 ullo,
135 1611 228 1647 meum
241 1603 292 1647 est.
312 1597 357 1647 Sic
368 1611 479 1663 quoque
490 1595 562 1662 quod
574 1598 610 1646 ab
622 1596 743 1659 Epicuro
757 1593 861 1643 dictum

13 1670 17 1678 '
56 1675 107 1716 est:
128 1665 184 1725 „Si
195 1665 230 1714 ad
242 1674 370 1717 naturam
382 1666 470 1727 vires,
482 1681 620 1733 nunquam
632 1667 687 1716 eris
700 1677 816 1729 pauper:
838 1661 862 1711 si

56 1735 87 1785 sd
104 1735 282 1801 opinionem,
305 1751 445 1802 nunquam
464 1736 571 1786 dires.“
607 1734 744 1800 Exiguum
761 1739 862 1782 natura

11 1797 18 1851 ,Ξ
56 1805 212 1864 desiderat,
235 1804 331 1870 opinio
347 1806 521 1855 immensum.
557 1805 581 1854 7.
598 1805 773 1872 Congeratur
784 1802 812 1851 in
824 1808 861 1865 te,

13 1895 19 1925 5
57 1873 189 1940 quidquid
203 1874 284 1924 muiti
296 1874 451 1941 locupietes
462 1873 657 1940 possederunt:
681 1873 755 1924 uitro
767 1872 859 1938 prirn-

15 1984 16 1990 ,
33 1952 110 1993 ·tum
123 1943 260 2010 pecuniae
272 1943 382 1993 modum
396 1943 509 1994 fortuna
524 1951 552 1994 te
569 1942 716 2009 provehat,
737 1957 805 1992 auro
822 1949 861 1992 te·

56 2022 114 2080 gat,
125 2018 252 2079 purpura
264 2013 380 2074 vestiat,
392 2023 420 2064 et
432 2029 465 2065 eo
477 2013 639 2064 deliciarum
652 2026 789 2079 opumque
801 2025 863 2075 per·

14 2143 16 2148 y
58 2082 146 2144 ducat,
158 2092 189 2132 ut
203 2092 308 2133 terrum
322 2083 506 2132 marmoribus
520 2082 684 2142 abscondas,
695 2088 723 2131 et
734 2096 789 2129 non
802 2087 862 2129 tan·

59 2160 111 2202 tum
123 2152 230 2203 habere
241 2152 292 2202 tibi
306 2152 398 2213 liceat,
410 2152 458 2202 sed
471 2152 579 2202 calcare
592 2151 716 2201 divitias:
728 2148 863 2198 accedunt

60 2230 163 2272 statuae
176 2230 205 2272 et
218 2222 353 2289 picturae,
374 2228 402 2273 et
414 2222 545 2288 quicquid
559 2236 604 2270 ars
615 2220 674 2269 uita
686 2218 812 2268 iniuriae
825 2217 863 2266 ia-

61 2291 175 2354 borarit3
191 2294 302 2342 maiora
319 2305 419 2356 cupere
431 2293 465 2341 ab
478 2289 521 2341 his
534 2290 632 2340 disces.
669 2289 695 2340 8.
715 2286 863 2339 Naturalia

62 2359 195 2413 desideria
208 2361 289 2411 finitn
300 2366 378 2410 sunt:
389 2376 422 2411 ex
435 2360 506 2410 falsa
518 2359 646 2426 opinione
657 2355 864 2418 nascentio,ubi

64 2429 202 2493 desinant,
224 2447 279 2480 nun
299 2427 409 2480 habent.
430 2429 529 2481 Nuiius
546 2431 617 2479 enim
636 2428 771 2479 terminus
789 2425 862 2476 falso

65 2511 106 2553 est.
143 2502 199 2553 Viri
211 2500 289 2551 eunti
302 2498 408 2565 aliquid
421 2507 575 2551 extremum
587 2505 642 2551 est:
655 2513 734 2551 error
744 2498 861 2547 immen-

63 2583 101 2620 sus
117 2577 169 2622 est.
209 2567 334 2620 Retrahe
351 2574 378 2619 te
394 2584 412 2619 a
427 2570 516 2619 ranis:
539 2574 566 2619 et
583 2585 665 2635 quum
686 2567 764 2617 voles
783 2567 864 2626 scire,

64 2640 125 2702 qood
137 2639 222 2705 petis,
243 2645 337 2689 utrum
349 2639 502 2690 noturuiem
514 2635 629 2698 habeat,
649 2654 683 2688 nn
696 2649 807 2686 caecam
820 2649 863 2683 cu·

64 2709 213 2772 piditatem,
226 2706 375 2760 considera
385 2722 419 2757 an
431 2709 518 2774 possit
530 2708 634 2758 alicubi
647 2705 809 2756 consistere.
832 2699 862 2751 si

64 2773 137 2845 longe
148 2792 302 2846 progresso
314 2791 424 2844 semper
433 2777 539 2845 aliquid
549 2778 661 2843 longius
672 2778 778 2834 restat3
791 2771 862 2821 scito

17 2893 18 2896 ,
64 2845 85 2897 id
96 2849 224 2899 naturale
236 2863 292 2898 non
303 2861 372 2898 esse.

268 2995 517 3047 aristoni
555 2994 654 3047 xvrt.

65 3079 239 3139 Philosophiam
254 3080 327 3122 nulla
340 3081 410 3121 mora
424 3082 629 3138 amplectendam,
651 3076 753 3140 reliquit
769 3078 879 3124 omittit.

12 3132 37 3204 s
78 3140 211 3190 ltpauper
220 3147 267 3174 tro·
295 3134 442 3180 ‘turmihoc
451 3144 635 3198 expetendum!
647 3139 795 3205 expeditius
807 3137 890 3195 philo·
