1838 3456
195 497 489 554 EPlSTOLAE.
526 504 568 555 79.
736 504 786 558 231

49 624 81 675 ris
92 623 204 689 loquor,
228 628 299 687 quos
311 620 593 686 illustraritiortuna,
615 623 679 675 dum
696 631 787 675 reret.

49 710 70 745 m
84 693 239 744 multorum
250 690 394 757 proiectus
405 693 433 741 in
451 693 579 743 notitiam
596 708 709 746 evasere
724 701 789 760 poet
848 696 849 699 ’

49 764 67 814 ιΙ
85 776 171 830 quam
185 761 287 811 multos
299 758 373 813 fama
383 774 437 811 non
450 764 571 828 excepit,
582 764 630 814 sed
642 764 728 814 eruit!
741 762 789 814 Vi·

49 833 212 900 Epicurum,
233 836 403 898 quantopere
420 846 474 881 non
491 839 597 882 tantum
614 830 790 895 eruditiores,

49 904 116 953 boec
135 915 245 968 quoque
261 901 454 969 imperitorum
474 903 557 952 turbu
572 901 696 954 miretur.
733 902 807 953 Hicv

49 982 96 1022 tus
106 972 176 1038 ipsis
187 968 301 1022 Athenis
312 969 376 1033 fuit,
389 969 462 1022 circa
473 985 541 1038 quas
553 971 713 1022 delituerat.
750 970 789 1022 13.

49 1042 81 1092 :is
94 1043 189 1107 itaque
199 1039 254 1091 ianr
267 1040 346 1091 annia
355 1038 518 1092 Metrodoro
530 1055 581 1092 suo
592 1045 744 1106 superstes,
761 1040 790 1091 in

49 1117 102 1163 mm
111 1109 242 1177 epistola,
257 1123 339 1175 quum
352 1109 504 1161 amicitiam
517 1126 595 1161 suam
609 1117 637 1161 et
649 1108 792 1162 Metrodo-

50 1187 118 1232 rata
129 1182 393 1232 commemoratione
404 1180 561 1243 cecinisset,
576 1179 630 1232 boo
640 1179 798 1231 novissime

49 1251 102 1302 cit:
122 1247 222 1313 „Nihil
242 1249 295 1300 sibi
311 1259 340 1300 et
354 1250 519 1302 Metrodoro
536 1251 609 1302 inter
624 1252 699 1302 bona
709 1257 791 1302 tanta

49 1323 121 1382 risse,
132 1318 206 1387 quod
219 1318 294 1386 ipsos
306 1319 357 1370 ilia
367 1319 470 1370 nobilis
481 1319 600 1372 Graecia
612 1337 666 1373 uon
679 1321 790 1388 ignotos

49 1406 72 1441 ur
90 1387 246 1452 habuisset,
266 1387 317 1440 sed
338 1402 424 1454 poene
444 1390 610 1441 inauditos.“
647 1389 791 1457 Numquid

49 1481 52 1507 r
65 1475 121 1511 non
139 1466 246 1525 postea,
263 1472 345 1524 quam
357 1472 419 1509 esse
430 1457 569 1519 desierat,
589 1458 719 1511 inventus
732 1458 791 1510 esti

50 1528 120 1596 quid
136 1543 190 1580 non
203 1528 298 1595 opinio
310 1528 371 1577 eius
382 1526 512 1578 emicuit!
549 1531 591 1582 14.
611 1528 675 1580 Hoc
686 1528 791 1579 Metro-

49 1615 71 1650 rs
82 1613 191 1665 quoque
205 1600 231 1648 in
243 1597 363 1664 quadam
377 1596 501 1661 epistola
513 1597 677 1648 confitetur:
693 1595 752 1658 „Se
763 1603 792 1649 et

49 1683 135 1719 :urum
149 1682 202 1720 non
215 1668 285 1719 satis
296 1665 459 1718 eminuisse:
481 1666 530 1717 sed
544 1673 621 1734 post,
643 1682 673 1719 se
684 1672 713 1718 et
724 1667 790 1732 Epi-

49 1755 81 1790 um
93 1751 222 1805 magnum
239 1743 422 1803 paratumque
439 1751 539 1789 nomen
558 1736 703 1788 babituros
719 1734 792 1804 apud

61 1809 110 1876 qui
127 1807 282 1860 voluissent
299 1821 349 1872 per
359 1804 455 1858 eadem
468 1808 509 1859 ire
523 1809 670 1875 r·estigia.⁴‘
706 1806 793 1859 Nuiia

49 1894 75 1930 us
86 1878 168 1929 latet:
180 1883 208 1928 et
219 1875 346 1939 latuisse,
359 1890 414 1927 nou
425 1877 512 1942 ipsius
525 1885 567 1929 est
578 1878 718 1929 damnum.
739 1875 793 1928 Ve-

51 1947 99 2017 qui
111 1947 260 2008 conditam,
275 1952 304 1998 et
312 1945 398 1998 seculi
411 1946 456 1997 sui
468 1947 645 2012 malignitate
656 1959 793 2012 compres-

49 2053 55 2080 ,
76 2018 136 2069 dies
156 2015 289 2084 publicet.
327 2014 427 2066 Paucis
439 2023 583 2078 natusest,
601 2016 647 2082 qui
659 2014 792 2080 populum

49 2088 87 2139 tis
114 2102 182 2139 suae
203 2085 319 2153 cogitat.
358 2083 399 2136 lb.
425 2084 518 2135 Multa
539 2099 674 2136 annorum
696 2082 792 2144 miliia,

49 2165 74 2210 te
100 2157 266 2223 populorum
293 2153 502 2219 supervenient:
537 2153 572 2204 ad
598 2153 649 2205 iiia
675 2154 792 2218 respice.

49 2226 102 2279 mei
121 2226 251 2278 omnibus
272 2231 364 2277 tecum
385 2223 542 2275 virentibus
562 2223 706 2276 sitentium
723 2223 794 2273 iis-or

49 2299 126 2350 ierit:
149 2297 260 2349 venient
272 2296 318 2362 qui
331 2296 392 2345 sine
403 2290 524 2355 offensa,
543 2293 603 2346 siue
616 2293 707 2362 gratia
722 2291 791 2343 iudi-

49 2404 53 2419 .
93 2364 124 2418 Si
136 2366 209 2434 quod
221 2371 264 2416 est
276 2365 395 2430 pretium
409 2361 521 2415 virtutis
531 2379 563 2416 ex
576 2362 659 2426 faura,
678 2379 729 2416 nec
741 2360 793 2413 boc

49 2441 89 2490 ·it.
126 2436 167 2489 rid
181 2450 231 2486 nos
244 2433 353 2502 quidem
366 2431 435 2485 nihii
448 2433 599 2501 pertinebit
615 2441 791 2500 posterorum

49 2522 91 2560 io:
113 2511 209 2557 tamen
231 2503 317 2556 etiam
338 2519 393 2555 non
409 2504 564 2555 sentientes
579 2505 669 2566 colet,
688 2519 722 2555 ac
738 2501 792 2553 ire·

49 2577 136 2629 tabit.
175 2573 215 2625 io.
236 2572 315 2624 Nuiii
325 2589 380 2624 non
392 2573 491 2634 virtus,
506 2580 535 2626 et
547 2573 622 2635 vivo,
633 2579 662 2625 et
672 2578 793 2633 mortuo,

49 2649 80 2699 iit
91 2645 228 2714 gratiam:
244 2641 363 2695 simodo
375 2642 454 2693 iliam
465 2644 539 2695 bona
549 2649 661 2694 secutus
674 2647 717 2693 est
729 2639 793 2702 fide,

57 2731 115 2767 non
129 2712 276 2765 exornavit
289 2720 317 2763 et
328 2711 429 2779 pinxit,
451 2711 585 2764 sedidem
597 2711 666 2771 fuit,
688 2710 748 2762 sire
759 2724 793 2761 ex

49 2785 152 2838 intiuto
165 2783 320 2844 videbatur,
333 2782 393 2833 sire
404 2781 560 2848 imperatus
572 2796 606 2831 ac
617 2779 720 2831 subito.
749 2777 794 2830 Ni-

49 2853 178 2907 imulutio
187 2852 308 2919 proiicit.
337 2850 437 2903 Paucis
450 2850 570 2919 imponit
579 2849 681 2903 leuiter
691 2848 794 2903 extrin-

49 2922 185 2972 rr'nducta
200 2923 305 2977 facies:
328 2923 440 2979 ueritas
456 2923 487 2979 in
505 2938 623 2979 omnem
637 2930 755 2994 partem
766 2916 819 2970 stix

49 3004 79 3039 ΕΓ
88 2991 186 3056 Mem
199 3000 252 3048 est·
297 2998 383 3063 Quae
395 2998 567 3076 decipiunt,
576 2993 839 3055 niiiribubentso·

49 3056 152 3172 argue
164 3070 444 3136 estmendaeium:
467 3079 634 3153 periucet,
650 3073 682 3129 si
693 3066 859 3136 buitim*
