1912 3534
130 481 149 592 s
361 529 580 579 senecen

134 664 166 698 us
179 650 288 715 integra
298 657 362 697 sunt
374 654 402 696 et
413 650 501 712 prima
513 647 679 707 consilia,un
687 648 774 700 velint
787 655 870 702 vitans

122 720 276 769 ‘obscurum
290 718 491 768 transmittere:
506 717 556 766 tibi
570 716 685 767 liberum
698 731 814 770 nonest.
841 719 871 769 ln

103 789 187 869 [tlium
201 796 227 838 te
239 787 357 852 prutulit
368 788 470 852 ingenii
484 782 747 852 t·igur‚scriptorunr
758 790 870 855 elegan-

99 871 119 919 t,
142 856 233 907 clarae
244 866 272 906 et
284 856 393 906 nubiles
404 855 557 905 amicitiae:
580 862 659 906 tanta
675 856 779 907 notitia
789 866 817 908 tc
829 859 869 905 in·

92 927 148 978 isit.
181 926 206 977 3.
222 925 295 976 Utin
308 933 432 974 extrema
444 924 585 990 intergens,
596 939 629 975 ac
641 925 751 990 penitus
765 926 869 977 cunda·

86 1000 117 1056 is,
130 1003 223 1046 tamen
235 994 329 1062 priora
341 1002 368 1044 te
379 993 580 1043 monstrabunt.
608 996 753 1045 Tenebras
766 995 869 1048 habere

80 1082 123 1116 run
137 1072 231 1131 putes;
252 1071 414 1130 sequeretur
427 1064 561 1128 pristinae
574 1063 643 1113 lucis
656 1066 783 1127 multum,
804 1078 867 1130 quo.

79 1150 174 1203 cunque
186 1134 299 1199 fugeris.
319 1133 445 1192 Quietem
459 1140 539 1199 putes
552 1132 701 1193 vindicare,
713 1134 773 1185 sine
786 1134 869 1184 ullius

79 1204 142 1265 idio,
153 1206 212 1253 sine
223 1203 425 1262 desiderin,aut
439 1217 531 1252 morsu
543 1201 625 1252 animi
638 1201 688 1252 tui.
707 1202 783 1263 Quid
796 1205 867 1255 enim

79 1273 218 1337 elinques,
238 1287 291 1336 quu
303 1270 407 1320 imitus
420 1271 548 1321 relictum
559 1285 576 1321 a
586 1278 615 1322 te
626 1271 714 1336 possis
727 1270 868 1339 cogitare!

79 1341 206 1392 ilientesl
229 1355 344 1410 quorum
356 1355 437 1391 nemo
448 1347 476 1391 tc
488 1343 576 1406 ipsum
592 1342 733 1407 sequitur,
754 1341 805 1392 sed
821 1339 867 1391 ali·

79 1410 130 1477 mid
144 1416 225 1459 exte.
263 1409 390 1459 Amicusl
413 1410 478 1460 olim
493 1409 617 1460 anricitia
628 1411 783 1475 petebatur,
795 1426 830 1460 nu
850 1410 852 1416 ‘

79 1479 177 1529 iraeda.
214 1479 410 1530 animabant
431 1485 599 1531 testamenta
620 1479 750 1530 destituti
770 1496 820 1531 sen

79 1548 200 1614 nigrabit
212 1547 246 1598 ad
258 1547 334 1598 aliud
346 1548 429 1599 limen
442 1549 598 1600 salutaturi
610 1564 662 1599 non
676 1556 770 1614 potest
781 1564 816 1615 pa
831 1583 833 1591 s

79 1636 111 1669 es
124 1633 223 1683 magna
235 1624 374 1669 constare.
411 1619 534 1669 Aestima
550 1625 640 1668 utrum
658 1625 686 1669 te
702 1619 835 1686 relinque

79 1705 99 1737 m
112 1685 219 1754 aliquid
233 1703 265 1737 ex
279 1689 334 1737 tuis
345 1687 435 1737 malis.
474 1687 582 1738 Utinam
595 1688 645 1738 tibi
664 1687 774 1753 quidem
791 1704 804 1738 s

81 1770 144 1807 cere
156 1756 318 1821 contigisset
329 1756 403 1805 intra
415 1758 547 1807 natalium
560 1763 669 1807 tuorum
683 1755 827 1817 modum,s

80 1842 94 1874 e
112 1826 139 1873 in
155 1824 242 1873 altum
261 1823 374 1875 fortuna
391 1825 525 1875 misisset!
548 1826 626 1875 Tulit
642 1835 668 1876 te
681 1826 764 1892 longe
777 1769 828 1883 Α

82 1898 163 1958 peclu
180 1895 254 1945 vitae
270 1894 389 1944 salubris
406 1896 502 1960 rapida
518 1894 652 1953 felicitas,
673 1896 800 1961 provinc*

79 1963 239 2025 nocuratio,
252 1970 280 2013 et
291 1963 424 2030 quidquid
437 1967 470 2014 ab
483 1965 543 2014 istis
556 1966 740 2029 promittitur:
759 1981 783 2014 m

79 2032 166 2084 leintle
179 2031 271 2082 officia
283 2041 310 2082 te
319 2033 468 2098 excipient,
491 2042 519 2083 et
531 2048 563 2082 ex
576 2034 640 2083 aliis
650 2035 715 2083 alia.
752 2034 777 2085 5.
789 2040 797 2084 ῑῐ,

79 2103 158 2152 exitus
171 2102 242 2153 eritl
263 2102 326 2168 quid
339 2109 493 2167 exspectas,
506 2102 593 2154 donec
604 2102 731 2155 desinas!
755 2096 797 2174 hal

79 2171 141 2239 [uud
159 2171 273 2238 cupiasl
294 2171 438 2238 Nunquam
455 2172 506 2223 erit
520 2179 635 2239 tempus.
672 2172 790 2235 Qualem

90 2241 311 2301 *maceriem
324 2256 518 2301 causarum,ex
530 2244 628 2308 quibus
641 2233 784 2296 nectitur!

249 2309 411 2360 ”¹⁸⁴⁸er
433 2312 522 2361 altera
538 2328 571 2363 ex
584 2313 637 2362 linc
649 2312 776 2377 ulterius?
