1942 3420
230 539 526 594 Et’rsuounn·
550 543 608 595 115.
639 551 644 557 '
678 617 683 626 .
765 541 815 598 itt

24 664 85 716 den
94 663 204 724 volunt,
220 667 391 716 conuectant.
426 660 551 730 Denique
562 678 594 714 eo
607 677 696 717 mores
705 663 814 716 redacti

24 739 98 794 sunt,
109 737 141 780 ut
152 740 297 798 paupertas
309 730 455 782 rualedicto
466 733 620 797 probroque
630 735 676 793 uit,
689 743 811 786 contem·

24 809 53 853 ta
65 801 209 863 divitibus,
221 801 307 851 inrisa
319 800 490 867 pauperibus.
514 802 553 851 12
565 801 700 851 Accedunt
713 804 811 855 deinde

24 871 148 922 earmina
168 875 323 936 puetarum,
346 885 415 937 quae
437 868 580 922 affectibus
600 872 704 921 neutris
726 872 815 925 facem

24 941 156 1002 subdant,
176 942 274 1005 quibus
291 932 403 990 diuitiae
418 940 494 991 velut
510 939 618 989 unicum
639 939 713 990 ritae
733 942 815 992 decus

24 1014 271 1075 ornamentumque
292 1008 447 1060 laudantur.
483 1007 559 1060 Nihil
575 1007 634 1059 iilia
651 1008 815 1071 meiiusneo

24 1080 91 1132 dare
102 1078 230 1130 ridentur
241 1078 278 1130 dii
291 1077 461 1145 immortales
473 1093 564 1145 posse,
575 1093 626 1129 nec
636 1075 745 1130 habere.
758 1135 759 1139 ,

83 1147 174 1216 Regia
184 1149 247 1199 eolis
258 1159 318 1201 erat
328 1147 480 1200 sublimibus
491 1149 549 1199 altu
561 1147 699 1211 columnis,

88 1216 169 1269 Clara
179 1218 293 1270 micante
304 1236 380 1270 auro.

24 1287 64 1342 13.
86 1286 217 1338 Eiusdem
230 1303 338 1339 currum
350 1287 468 1353 adspice.

83 1356 189 1408 Aureae
202 1357 262 1410 axis
273 1367 343 1420 erat,
354 1366 422 1408 terne
433 1372 538 1420 aureus,
549 1372 636 1421 aurea
646 1370 764 1407 tummae
776 1357 779 1363 '

84 1422 239 1478 Curvatura
251 1437 335 1487 rotae,
346 1426 484 1477 radiorum
496 1435 640 1495 argenteae
652 1425 727 1477 ordo.

24 1495 148 1560 Denique
161 1495 233 1560 quod
245 1495 377 1562 optimum
389 1494 479 1544 videri
492 1495 589 1544 volunt
599 1495 816 1554 seculum‚aure-

24 1580 68 1614 um
81 1563 231 1629 appellant.
266 1564 323 1615 Neo
332 1563 403 1630 apud
417 1565 536 1630 tragicos
549 1562 660 1623 desunt,
682 1563 729 1628 qui
738 1561 815 1614 lucro

24 1633 219 1694 innocentiam,
228 1631 356 1694 salutem,
368 1633 523 1698 opinionem
534 1633 636 1682 bonam
648 1636 764 1684 mutant.

23 1699 64 1753 14.
84 1698 148 1753 Sine
157 1719 197 1752 me
207 1701 300 1753 necari
306 1701 456 1769 perannum,
468 1711 498 1753 ut
508 1700 581 1753 diuet
591 1717 677 1753 nocer.

82 1767 127 1822 An
138 1770 217 1833 dines,
228 1789 314 1824 ornnes
324 1770 489 1838 quaerimus:
500 1787 583 1831 nemo,
593 1789 627 1823 an
640 1769 736 1822 banuo:

82 1838 141 1892 Non
152 1858 242 1909 quare,
253 1851 279 1894 et
291 1841 371 1894 unde:
382 1839 446 1907 quid
454 1839 560 1902 landent,
572 1849 677 1893 tantum
688 1848 796 1909 rogant.

83 1907 185 1975 Ubique
198 1910 270 1962 tanti
280 1910 397 1979 quiaque,
408 1920 536 1979 quantum
548 1909 652 1971 habuit,
658 1908 729 2029 crit.

83 1976 156 2041 Quid
163 1978 259 2031 habere
268 1980 340 2032 notis
351 1990 430 2048 turpe
440 1980 484 2041 tit,
495 1981 618 2048 quaerit?
628 1978 657 2032 m'
675 1978 704 2030 ir.

82 2051 132 2101 Aut
145 2049 216 2100 dinen
228 2057 289 2115 opto
301 2049 396 2110 ninere,
406 2058 455 2100 out
465 2065 568 2115 pauper
579 2047 655 2099 mori.

80 2113 154 2170 Bene
163 2118 291 2178 moritur,
302 2118 361 2182 qui,
372 2117 433 2168 dum
444 2116 567 2178 noritur,
581 2118 608 2145 **
618 2119 721 2168 luerunt
728 2115 805 2187 fucit

58 2182 98 2236 15.
117 2185 239 2239 Pecunia
250 2188 342 2256 ingena
350 2186 457 2255 gennit
469 2185 579 2238 numani
591 2184 696 2247 donum,

85 2252 138 2307 Cui
148 2275 201 2309 non
211 2257 332 2322 valuptas
343 2255 448 2317 neutris,
459 2264 509 2306 aut
520 2255 634 2306 blandae
641 2261 733 2322 potest

81 2323 142 2376 Par
152 2342 206 2377 me
213 2326 307 2393 prolia,
318 2343 369 2378 non
378 2341 454 2377 sacer
464 2324 568 2378 meritis
575 2339 685 2392 parent.

85 2391 152 2446 Tam
163 2396 237 2447 dulce
248 2394 272 2445 ei
282 2395 346 2460 quid
362 2393 470 2447 Veneris
480 2391 508 2447 in
519 2396 594 2446 ouitu
606 2391 696 2454 micat,

80 2460 181 2515 Merito
192 2465 238 2516 iiia
249 2481 351 2516 annom
362 2465 485 2517 coelitum
496 2462 714 2530 atquekeminunr
720 2470 815 2513 monet,

24 2536 110 2596 Quum
123 2532 152 2583 hi
164 2534 305 2584 novissimi
316 2550 408 2589 uersus
418 2535 445 2585 in
456 2542 498 2585 tra
521 2531 601 2585 oedie
609 2531 816 2598 Euripidiepro

24 2603 143 2654 nuntiati
155 2610 336 2663 ersent,totua
350 2603 466 2670 populus
478 2549 519 2654 ad
527 2601 690 2654 eiiciendum
702 2609 731 2652 et
740 2607 815 2651 aetn-

24 2686 78 2722 rem
92 2679 120 2723 et
132 2687 240 2724 carmen
257 2676 431 2725 consurrexit
448 2688 503 2722 uno
520 2671 639 2736 impetu:
661 2670 747 2720 donee
760 2669 815 2720 Eu·

24 2741 125 2807 ripidea
136 2743 165 2795 in
177 2742 295 2792 medium
308 2745 363 2808 ipae
379 2743 523 2809 prosiluit,
542 2746 651 2807 patena,
671 2745 702 2790 ut
720 2750 815 2804 exape-

24 2816 144 2875 otarent,
164 2811 343 2877 viderentque
359 2827 437 2878 quem
454 2812 607 2863 admirator
626 2811 684 2859 auri
707 2809 813 2858 exitum

24 2879 136 2933 iaceret.
175 2880 214 2933 ln.
232 2881 329 2932 Dabat¹
345 2881 372 2932 in
396 2882 444 2933 iila
458 2879 554 2930 fabula
569 2893 673 2944 poenas
688 2876 813 2928 Beliero-

24 2948 154 3016 phonten,
166 2966 234 3018 quas
245 2951 272 3001 iu
284 2965 334 3002 sua
345 2953 459 3017 quinque
472 2950 530 3000 dat.
566 2947 652 3002 Nulla
663 2946 735 2999 enim
749 2961 812 2998 uva·

24 3022 88 3072 titia
99 3021 159 3073 eine
170 3037 258 3088 poena
267 3021 447 3087 est,quamris
458 3018 526 3070 natio
538 3021 573 3069 uit
585 3019 645 3085 ipsa
654 3032 813 3085 poenarum.

24 3090 44 3141 0
56 3099 188 3158 quantum
199 3092 390 3155 lacrimarum,
407 3105 423 3143 o
435 3096 566 3160 quantum
579 3089 703 3141 laborum
715 3086 812 3156 exigit!

56 3160 191 3213 Saurea
208 3158 329 3216 Votlv,
582 3158 607 3213 N
