<?xml version="1.0" encoding="UTF-8"?>
<!DOCTYPE html PUBLIC "-//W3C//DTD XHTML 1.0 Transitional//EN"
    "http://www.w3.org/TR/xhtml1/DTD/xhtml1-transitional.dtd">
<html xmlns="http://www.w3.org/1999/xhtml" xml:lang="en" lang="en">
 <head>
  <title>
</title>
<meta http-equiv="Content-Type" content="text/html;charset=utf-8" />
  <meta name='ocr-system' content='tesseract 3.04.00' />
  <meta name='ocr-capabilities' content='ocr_page ocr_carea ocr_par ocr_line ocrx_word'/>
</head>
<body>
  <div class='ocr_page' id='page_1' title='image "./lannaeisenecaep01senegoog_0459.png"; bbox 0 0 1942 3420; ppageno 0'>
   <div class='ocr_carea' id='block_1_1' title="bbox 285 561 866 622">
    <p class='ocr_par' dir='ltr' id='par_1_1' title="bbox 285 561 866 622">
     <span class='ocr_line' id='line_1_1' title="bbox 285 561 866 622; baseline 0.007 -6"><span class='ocrx_word' id='word_1_1' title='bbox 285 561 569 619; x_wconf 76' lang='lat' dir='ltr'><strong>EPISTOLAE.</strong></span> <span class='ocrx_word' id='word_1_2' title='bbox 606 567 662 619; x_wconf 80' lang='lat'><strong>11⁷.</strong></span> <span class='ocrx_word' id='word_1_3' title='bbox 816 566 866 622; x_wconf 84' lang='lat'>201</span> 
     </span>
    </p>
   </div>
   <div class='ocr_carea' id='block_1_2' title="bbox 58 678 873 2906">
    <p class='ocr_par' dir='ltr' id='par_1_2' title="bbox 58 678 873 2906">
     <span class='ocr_line' id='line_1_2' title="bbox 74 678 867 749; baseline 0.009 -17"><span class='ocrx_word' id='word_1_4' title='bbox 74 685 137 748; x_wconf 82' lang='lat' dir='ltr'>ipse</span> <span class='ocrx_word' id='word_1_5' title='bbox 148 695 192 732; x_wconf 86' lang='lat' dir='ltr'>me</span> <span class='ocrx_word' id='word_1_6' title='bbox 203 678 366 749; x_wconf 83' lang='lat' dir='ltr'>damn0‚qui</span> <span class='ocrx_word' id='word_1_7' title='bbox 376 683 442 736; x_wconf 85' lang='lat' dir='ltr'>iilos</span> <span class='ocrx_word' id='word_1_8' title='bbox 453 683 547 736; x_wconf 88' lang='lat' dir='ltr'>imitor</span> <span class='ocrx_word' id='word_1_9' title='bbox 559 683 621 735; x_wconf 89' lang='lat' dir='ltr'>dum</span> <span class='ocrx_word' id='word_1_10' title='bbox 634 702 740 749; x_wconf 81' lang='lat' dir='ltr'>accuso,</span> <span class='ocrx_word' id='word_1_11' title='bbox 746 691 774 739; x_wconf 90' lang='lat' dir='ltr'>et</span> <span class='ocrx_word' id='word_1_12' title='bbox 783 682 867 739; x_wconf 78' lang='lat' dir='ltr'>verbs</span> 
     </span>
     <span class='ocr_line' id='line_1_3' title="bbox 76 751 868 824; baseline 0.009 -23"><span class='ocrx_word' id='word_1_13' title='bbox 76 760 190 817; x_wconf 78' lang='lat' dir='ltr'>opertae</span> <span class='ocrx_word' id='word_1_14' title='bbox 203 753 241 802; x_wconf 88' lang='lat' dir='ltr'>rei</span> <span class='ocrx_word' id='word_1_15' title='bbox 256 751 393 819; x_wconf 84' lang='lat' dir='ltr'>impendo.</span> <span class='ocrx_word' id='word_1_16' title='bbox 430 755 481 805; x_wconf 88' lang='lat' dir='ltr'>Cui</span> <span class='ocrx_word' id='word_1_17' title='bbox 491 755 561 806; x_wconf 85' lang='lat' dir='ltr'>enim</span> <span class='ocrx_word' id='word_1_18' title='bbox 576 753 686 805; x_wconf 90' lang='lat' dir='ltr'>dubium</span> <span class='ocrx_word' id='word_1_19' title='bbox 698 763 790 824; x_wconf 86' lang='lat' dir='ltr'>potest</span> <span class='ocrx_word' id='word_1_20' title='bbox 801 772 868 818; x_wconf 81' lang='lat' dir='ltr'>esse,</span> 
     </span>
     <span class='ocr_line' id='line_1_4' title="bbox 77 820 867 886; baseline 0.011 -18"><span class='ocrx_word' id='word_1_21' title='bbox 77 822 154 886; x_wconf 91' lang='lat' dir='ltr'>quin,</span> <span class='ocrx_word' id='word_1_22' title='bbox 165 820 188 870; x_wconf 90' lang='lat' dir='ltr'>si</span> <span class='ocrx_word' id='word_1_23' title='bbox 199 827 291 872; x_wconf 80' lang='lat' dir='ltr'>aestus</span> <span class='ocrx_word' id='word_1_24' title='bbox 303 822 404 873; x_wconf 83' lang='lat' dir='ltr'>malurn</span> <span class='ocrx_word' id='word_1_25' title='bbox 418 831 468 885; x_wconf 82' lang='lat' dir='ltr'>est,</span> <span class='ocrx_word' id='word_1_26' title='bbox 480 831 508 874; x_wconf 83' lang='lat' dir='ltr'>et</span> <span class='ocrx_word' id='word_1_27' title='bbox 520 829 646 874; x_wconf 85' lang='lat' dir='ltr'>aestuare</span> <span class='ocrx_word' id='word_1_28' title='bbox 657 827 756 876; x_wconf 83' lang='lat' dir='ltr'>malum</span> <span class='ocrx_word' id='word_1_29' title='bbox 773 827 826 877; x_wconf 78' lang='lat' dir='ltr'>siti</span> <span class='ocrx_word' id='word_1_30' title='bbox 843 828 867 877; x_wconf 87' lang='lat' dir='ltr'>si</span> 
     </span>
     <span class='ocr_line' id='line_1_5' title="bbox 77 890 867 959; baseline 0.01 -21"><span class='ocrx_word' id='word_1_31' title='bbox 77 890 159 956; x_wconf 80' lang='lat' dir='ltr'>uigor</span> <span class='ocrx_word' id='word_1_32' title='bbox 175 891 275 941; x_wconf 82' lang='lat' dir='ltr'>maium</span> <span class='ocrx_word' id='word_1_33' title='bbox 291 898 346 952; x_wconf 84' lang='lat' dir='ltr'>est,</span> <span class='ocrx_word' id='word_1_34' title='bbox 368 893 469 944; x_wconf 81' lang='lat' dir='ltr'>mulum</span> <span class='ocrx_word' id='word_1_35' title='bbox 487 893 524 944; x_wconf 91' lang='lat' dir='ltr'>sit</span> <span class='ocrx_word' id='word_1_36' title='bbox 534 892 644 959; x_wconf 72' lang='lat' dir='ltr'>uigere!</span> <span class='ocrx_word' id='word_1_37' title='bbox 666 894 758 944; x_wconf 82' lang='lat' dir='ltr'>siritu</span> <span class='ocrx_word' id='word_1_38' title='bbox 768 896 867 946; x_wconf 92' lang='lat' dir='ltr'>bonum</span> 
     </span>
     <span class='ocr_line' id='line_1_6' title="bbox 77 960 869 1021; baseline 0.006 -11"><span class='ocrx_word' id='word_1_39' title='bbox 77 969 135 1021; x_wconf 85' lang='lat' dir='ltr'>est,</span> <span class='ocrx_word' id='word_1_40' title='bbox 155 960 286 1011; x_wconf 82' lang='lat' dir='ltr'>etrirere</span> <span class='ocrx_word' id='word_1_41' title='bbox 299 960 399 1012; x_wconf 88' lang='lat' dir='ltr'>bonum</span> <span class='ocrx_word' id='word_1_42' title='bbox 419 962 469 1013; x_wconf 77' lang='lat' dir='ltr'>bst.</span> <span class='ocrx_word' id='word_1_43' title='bbox 509 961 547 1014; x_wconf 78' lang='lat' dir='ltr'>tu.</span> <span class='ocrx_word' id='word_1_44' title='bbox 566 962 731 1012; x_wconf 84' lang='lat' dir='ltr'>Omnisists</span> <span class='ocrx_word' id='word_1_45' title='bbox 744 964 869 1015; x_wconf 79' lang='lat' dir='ltr'>circass-</span> 
     </span>
     <span class='ocr_line' id='line_1_7' title="bbox 77 1028 867 1098; baseline 0.005 -20"><span class='ocrx_word' id='word_1_46' title='bbox 77 1028 221 1094; x_wconf 80' lang='lat' dir='ltr'>pientiam,</span> <span class='ocrx_word' id='word_1_47' title='bbox 233 1043 287 1079; x_wconf 89' lang='lat' dir='ltr'>non</span> <span class='ocrx_word' id='word_1_48' title='bbox 298 1032 325 1081; x_wconf 90' lang='lat' dir='ltr'>in</span> <span class='ocrx_word' id='word_1_49' title='bbox 337 1031 398 1097; x_wconf 82' lang='lat' dir='ltr'>ipsa</span> <span class='ocrx_word' id='word_1_50' title='bbox 409 1038 485 1082; x_wconf 84' lang='lat' dir='ltr'>sunt:</span> <span class='ocrx_word' id='word_1_51' title='bbox 509 1036 539 1081; x_wconf 85' lang='lat' dir='ltr'>st</span> <span class='ocrx_word' id='word_1_52' title='bbox 549 1032 627 1081; x_wconf 90' lang='lat' dir='ltr'>nobis</span> <span class='ocrx_word' id='word_1_53' title='bbox 638 1032 739 1098; x_wconf 78' lang='lat' dir='ltr'>inipso</span> <span class='ocrx_word' id='word_1_54' title='bbox 750 1046 867 1082; x_wconf 82' lang='lat' dir='ltr'>sommo·</span> 
     </span>
     <span class='ocr_line' id='line_1_8' title="bbox 76 1098 868 1169; baseline 0.004 -21"><span class='ocrx_word' id='word_1_55' title='bbox 76 1099 195 1150; x_wconf 77' lang='lat' dir='ltr'>randum</span> <span class='ocrx_word' id='word_1_56' title='bbox 207 1106 261 1162; x_wconf 87' lang='lat' dir='ltr'>est;</span> <span class='ocrx_word' id='word_1_57' title='bbox 284 1099 394 1151; x_wconf 81' lang='lat' dir='ltr'>etiamsi</span> <span class='ocrx_word' id='word_1_58' title='bbox 406 1100 469 1169; x_wconf 85' lang='lat' dir='ltr'>quid</span> <span class='ocrx_word' id='word_1_59' title='bbox 482 1101 593 1167; x_wconf 80' lang='lat' dir='ltr'>erogari</span> <span class='ocrx_word' id='word_1_60' title='bbox 608 1100 685 1163; x_wconf 85' lang='lat' dir='ltr'>tibet,</span> <span class='ocrx_word' id='word_1_61' title='bbox 707 1100 812 1166; x_wconf 76' lang='lat' dir='ltr'>emptos</span> <span class='ocrx_word' id='word_1_62' title='bbox 822 1098 868 1157; x_wconf 75' lang='lat' dir='ltr'>bn,-</span> 
     </span>
     <span class='ocr_line' id='line_1_9' title="bbox 75 1167 872 1237; baseline 0.004 -20"><span class='ocrx_word' id='word_1_63' title='bbox 75 1167 125 1218; x_wconf 91' lang='lat' dir='ltr'>bet</span> <span class='ocrx_word' id='word_1_64' title='bbox 141 1167 196 1218; x_wconf 69' lang='lat' dir='ltr'>&#39;iila</span> <span class='ocrx_word' id='word_1_65' title='bbox 212 1169 403 1237; x_wconf 77' lang='lat' dir='ltr'>spatiososque</span> <span class='ocrx_word' id='word_1_66' title='bbox 415 1186 549 1222; x_wconf 82' lang='lat' dir='ltr'>secessus.</span> <span class='ocrx_word' id='word_1_67' title='bbox 584 1169 627 1221; x_wconf 89' lang='lat' dir='ltr'>De</span> <span class='ocrx_word' id='word_1_68' title='bbox 642 1170 754 1221; x_wconf 83' lang='lat' dir='ltr'>deorum</span> <span class='ocrx_word' id='word_1_69' title='bbox 773 1176 872 1220; x_wconf 81' lang='lat' dir='ltr'>nuturu</span> 
     </span>
     <span class='ocr_line' id='line_1_10' title="bbox 76 1239 871 1304; baseline 0.003 -19"><span class='ocrx_word' id='word_1_70' title='bbox 76 1250 249 1304; x_wconf 74' lang='lat' dir='ltr'>quaeramus,</span> <span class='ocrx_word' id='word_1_71' title='bbox 271 1239 433 1291; x_wconf 87' lang='lat' dir='ltr'>desiderum</span> <span class='ocrx_word' id='word_1_72' title='bbox 444 1241 601 1302; x_wconf 83' lang='lat' dir='ltr'>elementis,</span> <span class='ocrx_word' id='word_1_73' title='bbox 620 1239 653 1291; x_wconf 81' lang='lat' dir='ltr'>de</span> <span class='ocrx_word' id='word_1_74' title='bbox 665 1239 708 1291; x_wconf 89' lang='lat' dir='ltr'>bis</span> <span class='ocrx_word' id='word_1_75' title='bbox 720 1247 774 1290; x_wconf 84' lang='lat' dir='ltr'>tum</span> <span class='ocrx_word' id='word_1_76' title='bbox 786 1239 871 1289; x_wconf 80' lang='lat' dir='ltr'>variis</span> 
     </span>
     <span class='ocr_line' id='line_1_11' title="bbox 75 1307 872 1361; baseline 0.005 -5"><span class='ocrx_word' id='word_1_77' title='bbox 75 1307 221 1359; x_wconf 82' lang='lat' dir='ltr'>stellarum</span> <span class='ocrx_word' id='word_1_78' title='bbox 238 1307 420 1361; x_wconf 73' lang='lat' dir='ltr'>discursibus:</span> <span class='ocrx_word' id='word_1_79' title='bbox 440 1324 475 1360; x_wconf 82' lang='lat' dir='ltr'>sn</span> <span class='ocrx_word' id='word_1_80' title='bbox 493 1309 527 1361; x_wconf 85' lang='lat' dir='ltr'>ud</span> <span class='ocrx_word' id='word_1_81' title='bbox 546 1310 659 1361; x_wconf 86' lang='lat' dir='ltr'>illorum</span> <span class='ocrx_word' id='word_1_82' title='bbox 675 1318 766 1360; x_wconf 88' lang='lat' dir='ltr'>motus</span> <span class='ocrx_word' id='word_1_83' title='bbox 777 1317 872 1360; x_wconf 79' lang='lat' dir='ltr'>nostro</span> 
     </span>
     <span class='ocr_line' id='line_1_12' title="bbox 74 1379 871 1445; baseline 0.004 -19"><span class='ocrx_word' id='word_1_84' title='bbox 74 1383 241 1428; x_wconf 82' lang='lat' dir='ltr'>moveantur</span> <span class='ocrx_word' id='word_1_85' title='bbox 252 1393 378 1445; x_wconf 79' lang='lat' dir='ltr'>corporo,</span> <span class='ocrx_word' id='word_1_86' title='bbox 390 1393 424 1428; x_wconf 84' lang='lat' dir='ltr'>an</span> <span class='ocrx_word' id='word_1_87' title='bbox 437 1379 599 1445; x_wconf 79' lang='lat' dir='ltr'>corporibus</span> <span class='ocrx_word' id='word_1_88' title='bbox 613 1381 749 1443; x_wconf 85' lang='lat' dir='ltr'>omniurn,</span> <span class='ocrx_word' id='word_1_89' title='bbox 760 1379 871 1430; x_wconf 74' lang='lat' dir='ltr'>animis·</span> 
     </span>
     <span class='ocr_line' id='line_1_13' title="bbox 75 1447 872 1516; baseline 0.006 -22"><span class='ocrx_word' id='word_1_90' title='bbox 75 1461 129 1514; x_wconf 84' lang='lat' dir='ltr'>que</span> <span class='ocrx_word' id='word_1_91' title='bbox 146 1447 223 1497; x_wconf 84' lang='lat' dir='ltr'>illino</span> <span class='ocrx_word' id='word_1_92' title='bbox 235 1447 355 1513; x_wconf 83' lang='lat' dir='ltr'>impetus</span> <span class='ocrx_word' id='word_1_93' title='bbox 365 1448 466 1498; x_wconf 75' lang='lat' dir='ltr'>reniet.</span> <span class='ocrx_word' id='word_1_94' title='bbox 502 1449 542 1498; x_wconf 80' lang='lat' dir='ltr'>An</span> <span class='ocrx_word' id='word_1_95' title='bbox 554 1455 582 1499; x_wconf 86' lang='lat' dir='ltr'>ot</span> <span class='ocrx_word' id='word_1_96' title='bbox 593 1448 660 1499; x_wconf 84' lang='lat' dir='ltr'>baec</span> <span class='ocrx_word' id='word_1_97' title='bbox 671 1464 742 1516; x_wconf 86' lang='lat' dir='ltr'>quse</span> <span class='ocrx_word' id='word_1_98' title='bbox 754 1448 872 1499; x_wconf 80' lang='lat' dir='ltr'>tortutts</span> 
     </span>
     <span class='ocr_line' id='line_1_14' title="bbox 76 1515 873 1584; baseline 0.004 -19"><span class='ocrx_word' id='word_1_99' title='bbox 76 1515 215 1576; x_wconf 84' lang='lat' dir='ltr'>dicuntur,</span> <span class='ocrx_word' id='word_1_100' title='bbox 237 1524 314 1566; x_wconf 82' lang='lat' dir='ltr'>certa</span> <span class='ocrx_word' id='word_1_101' title='bbox 324 1516 387 1583; x_wconf 83' lang='lat' dir='ltr'>iege</span> <span class='ocrx_word' id='word_1_102' title='bbox 398 1516 550 1566; x_wconf 84' lang='lat' dir='ltr'>constricto</span> <span class='ocrx_word' id='word_1_103' title='bbox 560 1518 630 1580; x_wconf 86' lang='lat' dir='ltr'>sint,</span> <span class='ocrx_word' id='word_1_104' title='bbox 650 1518 772 1584; x_wconf 77' lang='lat' dir='ltr'><strong>nihilque</strong></span> <span class='ocrx_word' id='word_1_105' title='bbox 782 1521 808 1568; x_wconf 90' lang='lat' dir='ltr'>in</span> <span class='ocrx_word' id='word_1_106' title='bbox 820 1517 873 1568; x_wconf 85' lang='lat' dir='ltr'>boo</span> 
     </span>
     <span class='ocr_line' id='line_1_15' title="bbox 75 1584 872 1650; baseline 0.006 -17"><span class='ocrx_word' id='word_1_107' title='bbox 75 1584 177 1633; x_wconf 89' lang='lat' dir='ltr'>mundo</span> <span class='ocrx_word' id='word_1_108' title='bbox 190 1587 370 1648; x_wconf 81' lang='lat' dir='ltr'>repentinum,</span> <span class='ocrx_word' id='word_1_109' title='bbox 382 1591 430 1634; x_wconf 80' lang='lat' dir='ltr'>aut</span> <span class='ocrx_word' id='word_1_110' title='bbox 442 1599 538 1650; x_wconf 80' lang='lat' dir='ltr'>expers</span> <span class='ocrx_word' id='word_1_111' title='bbox 550 1584 655 1635; x_wconf 79' lang='lat' dir='ltr'>ordinis</span> <span class='ocrx_word' id='word_1_112' title='bbox 664 1587 814 1638; x_wconf 82' lang='lat' dir='ltr'>volutetur.</span> <span class='ocrx_word' id='word_1_113' title='bbox 828 1587 872 1638; x_wconf 83' lang='lat'>20.</span> 
     </span>
     <span class='ocr_line' id='line_1_16' title="bbox 74 1651 870 1706; baseline 0.006 -5"><span class='ocrx_word' id='word_1_114' title='bbox 74 1651 135 1702; x_wconf 82' lang='lat' dir='ltr'>ists</span> <span class='ocrx_word' id='word_1_115' title='bbox 152 1653 206 1702; x_wconf 84' lang='lat' dir='ltr'>iam</span> <span class='ocrx_word' id='word_1_116' title='bbox 225 1667 241 1703; x_wconf 80' lang='lat' dir='ltr'>u</span> <span class='ocrx_word' id='word_1_117' title='bbox 256 1652 422 1705; x_wconf 72' lang='lat' dir='ltr'>formatione</span> <span class='ocrx_word' id='word_1_118' title='bbox 437 1668 543 1704; x_wconf 92' lang='lat' dir='ltr'>morum</span> <span class='ocrx_word' id='word_1_119' title='bbox 564 1663 748 1706; x_wconf 84' lang='lat' dir='ltr'>recesserunt:</span> <span class='ocrx_word' id='word_1_120' title='bbox 769 1654 816 1705; x_wconf 85' lang='lat' dir='ltr'>sed</span> <span class='ocrx_word' id='word_1_121' title='bbox 832 1655 870 1706; x_wconf 80' lang='lat' dir='ltr'>is·</span> 
     </span>
     <span class='ocr_line' id='line_1_17' title="bbox 76 1722 869 1792; baseline 0.008 -22"><span class='ocrx_word' id='word_1_122' title='bbox 76 1728 143 1771; x_wconf 81' lang='lat' dir='ltr'>rsnt</span> <span class='ocrx_word' id='word_1_123' title='bbox 159 1722 294 1786; x_wconf 82' lang='lat' dir='ltr'>animum,</span> <span class='ocrx_word' id='word_1_124' title='bbox 315 1730 344 1775; x_wconf 88' lang='lat' dir='ltr'>et</span> <span class='ocrx_word' id='word_1_125' title='bbox 358 1723 393 1774; x_wconf 80' lang='lat' dir='ltr'>od</span> <span class='ocrx_word' id='word_1_126' title='bbox 411 1725 532 1790; x_wconf 84' lang='lat' dir='ltr'>ipsorum</span> <span class='ocrx_word' id='word_1_127' title='bbox 550 1739 617 1792; x_wconf 84' lang='lat' dir='ltr'>quus</span> <span class='ocrx_word' id='word_1_128' title='bbox 636 1731 758 1776; x_wconf 77' lang='lat' dir='ltr'>tractent</span> <span class='ocrx_word' id='word_1_129' title='bbox 778 1738 869 1776; x_wconf 85' lang='lat' dir='ltr'>rerum</span> 
     </span>
     <span class='ocr_line' id='line_1_18' title="bbox 74 1791 869 1862; baseline 0.005 -22"><span class='ocrx_word' id='word_1_130' title='bbox 74 1791 292 1857; x_wconf 74' lang='lat' dir='ltr'>magnitudinem</span> <span class='ocrx_word' id='word_1_131' title='bbox 305 1792 446 1846; x_wconf 77' lang='lat' dir='ltr'>attollunt.</span> <span class='ocrx_word' id='word_1_132' title='bbox 465 1793 541 1846; x_wconf 78' lang='lat' dir='ltr'>Haeo</span> <span class='ocrx_word' id='word_1_133' title='bbox 552 1808 618 1846; x_wconf 79' lang='lat' dir='ltr'>sero</span> <span class='ocrx_word' id='word_1_134' title='bbox 631 1795 665 1847; x_wconf 87' lang='lat' dir='ltr'>de</span> <span class='ocrx_word' id='word_1_135' title='bbox 676 1796 775 1862; x_wconf 89' lang='lat' dir='ltr'>quibus</span> <span class='ocrx_word' id='word_1_136' title='bbox 785 1793 869 1860; x_wconf 80' lang='lat' dir='ltr'>poulo</span> 
     </span>
     <span class='ocr_line' id='line_1_19' title="bbox 74 1861 870 1932; baseline 0.006 -22"><span class='ocrx_word' id='word_1_137' title='bbox 74 1868 140 1912; x_wconf 78' lang='lat' dir='ltr'>ante</span> <span class='ocrx_word' id='word_1_138' title='bbox 151 1861 285 1924; x_wconf 80' lang='lat' dir='ltr'>dicebam,</span> <span class='ocrx_word' id='word_1_139' title='bbox 305 1865 440 1927; x_wconf 87' lang='lat' dir='ltr'>minuunt,</span> <span class='ocrx_word' id='word_1_140' title='bbox 461 1871 490 1916; x_wconf 87' lang='lat' dir='ltr'>et</span> <span class='ocrx_word' id='word_1_141' title='bbox 501 1865 666 1931; x_wconf 77' lang='lat' dir='ltr'>deprimunt,</span> <span class='ocrx_word' id='word_1_142' title='bbox 689 1869 870 1932; x_wconf 74' lang='lat' dir='ltr'>neoutputub</span> 
     </span>
     <span class='ocr_line' id='line_1_20' title="bbox 74 1933 870 1997; baseline 0.005 -15"><span class='ocrx_word' id='word_1_143' title='bbox 74 1938 221 1995; x_wconf 78' lang='lat' dir='ltr'>exacuunt,</span> <span class='ocrx_word' id='word_1_144' title='bbox 237 1933 285 1985; x_wconf 84' lang='lat' dir='ltr'>sed</span> <span class='ocrx_word' id='word_1_145' title='bbox 297 1941 456 1986; x_wconf 79' lang='lat' dir='ltr'>extenuant.</span> <span class='ocrx_word' id='word_1_146' title='bbox 492 1935 683 1997; x_wconf 72' lang='lat' dir='ltr'>Obsessum,</span> <span class='ocrx_word' id='word_1_147' title='bbox 695 1941 810 1987; x_wconf 80' lang='lat' dir='ltr'>curtam</span> <span class='ocrx_word' id='word_1_148' title='bbox 823 1949 870 1986; x_wconf 84' lang='lat' dir='ltr'>ue-</span> 
     </span>
     <span class='ocr_line' id='line_1_21' title="bbox 75 2003 869 2071; baseline 0.003 -20"><span class='ocrx_word' id='word_1_149' title='bbox 75 2003 222 2053; x_wconf 81' lang='lat' dir='ltr'>cessnrium</span> <span class='ocrx_word' id='word_1_150' title='bbox 240 2018 333 2055; x_wconf 76' lang='lat' dir='ltr'>curum</span> <span class='ocrx_word' id='word_1_151' title='bbox 349 2004 499 2057; x_wconf 77' lang='lat' dir='ltr'>maioribus</span> <span class='ocrx_word' id='word_1_152' title='bbox 510 2005 725 2071; x_wconf 79' lang='lat' dir='ltr'>melioribusque</span> <span class='ocrx_word' id='word_1_153' title='bbox 737 2004 869 2065; x_wconf 83' lang='lat' dir='ltr'>debitum,</span> 
     </span>
     <span class='ocr_line' id='line_1_22' title="bbox 74 2071 869 2136; baseline 0.005 -16"><span class='ocrx_word' id='word_1_154' title='bbox 74 2071 101 2122; x_wconf 93' lang='lat' dir='ltr'>in</span> <span class='ocrx_word' id='word_1_155' title='bbox 113 2087 143 2123; x_wconf 89' lang='lat' dir='ltr'>re</span> <span class='ocrx_word' id='word_1_156' title='bbox 155 2072 248 2123; x_wconf 85' lang='lat' dir='ltr'>nescio</span> <span class='ocrx_word' id='word_1_157' title='bbox 259 2088 292 2123; x_wconf 85' lang='lat' dir='ltr'>sn</span> <span class='ocrx_word' id='word_1_158' title='bbox 306 2073 468 2134; x_wconf 78' lang='lat' dir='ltr'>islss‚certs</span> <span class='ocrx_word' id='word_1_159' title='bbox 480 2072 582 2135; x_wconf 87' lang='lat' dir='ltr'>inutili,</span> <span class='ocrx_word' id='word_1_160' title='bbox 593 2073 725 2125; x_wconf 77' lang='lat' dir='ltr'>terimusi</span> <span class='ocrx_word' id='word_1_161' title='bbox 743 2073 786 2123; x_wconf 84' lang='lat'>21.</span> <span class='ocrx_word' id='word_1_162' title='bbox 797 2072 869 2136; x_wconf 80' lang='lat' dir='ltr'>Quid</span> 
     </span>
     <span class='ocr_line' id='line_1_23' title="bbox 75 2140 868 2208; baseline 0.003 -19"><span class='ocrx_word' id='word_1_163' title='bbox 75 2141 143 2191; x_wconf 89' lang='lat' dir='ltr'>mibi</span> <span class='ocrx_word' id='word_1_164' title='bbox 163 2140 338 2208; x_wconf 81' lang='lat' dir='ltr'>profuturum</span> <span class='ocrx_word' id='word_1_165' title='bbox 361 2152 403 2193; x_wconf 86' lang='lat' dir='ltr'>est</span> <span class='ocrx_word' id='word_1_166' title='bbox 423 2143 503 2203; x_wconf 84' lang='lat' dir='ltr'>scire,</span> <span class='ocrx_word' id='word_1_167' title='bbox 526 2158 559 2192; x_wconf 82' lang='lat' dir='ltr'>an</span> <span class='ocrx_word' id='word_1_168' title='bbox 579 2142 655 2194; x_wconf 83' lang='lat' dir='ltr'>uliud</span> <span class='ocrx_word' id='word_1_169' title='bbox 671 2144 708 2193; x_wconf 90' lang='lat' dir='ltr'>sit</span> <span class='ocrx_word' id='word_1_170' title='bbox 723 2140 868 2208; x_wconf 76' lang='lat' dir='ltr'>sapientis,</span> 
     </span>
     <span class='ocr_line' id='line_1_24' title="bbox 75 2209 868 2278; baseline 0.001 -18"><span class='ocrx_word' id='word_1_171' title='bbox 75 2210 150 2261; x_wconf 79' lang='lat' dir='ltr'>uiiud</span> <span class='ocrx_word' id='word_1_172' title='bbox 163 2210 278 2276; x_wconf 78' lang='lat' dir='ltr'>supersi</span> <span class='ocrx_word' id='word_1_173' title='bbox 301 2212 372 2276; x_wconf 74' lang='lat' dir='ltr'>Quid</span> <span class='ocrx_word' id='word_1_174' title='bbox 382 2211 448 2264; x_wconf 88' lang='lat' dir='ltr'>mibi</span> <span class='ocrx_word' id='word_1_175' title='bbox 458 2211 632 2278; x_wconf 78' lang='lat' dir='ltr'>profuturnm</span> <span class='ocrx_word' id='word_1_176' title='bbox 645 2216 688 2265; x_wconf 90' lang='lat' dir='ltr'>est</span> <span class='ocrx_word' id='word_1_177' title='bbox 698 2209 868 2274; x_wconf 87' lang='lat' dir='ltr'>scire,·iilod</span> 
     </span>
     <span class='ocr_line' id='line_1_25' title="bbox 74 2280 868 2348; baseline -0.003 -16"><span class='ocrx_word' id='word_1_178' title='bbox 74 2280 177 2332; x_wconf 89' lang='lat' dir='ltr'>bonum</span> <span class='ocrx_word' id='word_1_179' title='bbox 189 2281 266 2332; x_wconf 74' lang='lat' dir='ltr'>ossei</span> <span class='ocrx_word' id='word_1_180' title='bbox 293 2283 409 2334; x_wconf 85' lang='lat' dir='ltr'>Temere</span> <span class='ocrx_word' id='word_1_181' title='bbox 419 2296 463 2332; x_wconf 87' lang='lat' dir='ltr'>me</span> <span class='ocrx_word' id='word_1_182' title='bbox 479 2295 588 2348; x_wconf 79' lang='lat' dir='ltr'>gerum:</span> <span class='ocrx_word' id='word_1_183' title='bbox 611 2282 709 2333; x_wconf 87' lang='lat' dir='ltr'>subibo</span> <span class='ocrx_word' id='word_1_184' title='bbox 719 2280 800 2332; x_wconf 88' lang='lat' dir='ltr'>huius</span> <span class='ocrx_word' id='word_1_185' title='bbox 809 2280 868 2331; x_wconf 76' lang='lat' dir='ltr'>voti</span> 
     </span>
     <span class='ocr_line' id='line_1_26' title="bbox 75 2348 868 2419; baseline 0.001 -19"><span class='ocrx_word' id='word_1_186' title='bbox 75 2350 178 2401; x_wconf 80' lang='lat' dir='ltr'>oleum:</span> <span class='ocrx_word' id='word_1_187' title='bbox 201 2350 253 2402; x_wconf 89' lang='lat' dir='ltr'>tibi</span> <span class='ocrx_word' id='word_1_188' title='bbox 264 2353 410 2418; x_wconf 80' lang='lat' dir='ltr'>sapientis,</span> <span class='ocrx_word' id='word_1_189' title='bbox 422 2348 488 2402; x_wconf 90' lang='lat' dir='ltr'>mibi</span> <span class='ocrx_word' id='word_1_190' title='bbox 502 2366 599 2417; x_wconf 80' lang='lat' dir='ltr'>supere</span> <span class='ocrx_word' id='word_1_191' title='bbox 609 2352 767 2419; x_wconf 75' lang='lat' dir='ltr'>contingat:</span> <span class='ocrx_word' id='word_1_192' title='bbox 788 2365 868 2418; x_wconf 80' lang='lat' dir='ltr'>psres</span> 
     </span>
     <span class='ocr_line' id='line_1_27' title="bbox 74 2418 869 2488; baseline -0.001 -17"><span class='ocrx_word' id='word_1_193' title='bbox 74 2420 187 2471; x_wconf 80' lang='lat' dir='ltr'>erimus.</span> <span class='ocrx_word' id='word_1_194' title='bbox 223 2418 320 2472; x_wconf 84' lang='lat' dir='ltr'>Potius</span> <span class='ocrx_word' id='word_1_195' title='bbox 331 2422 357 2474; x_wconf 89' lang='lat' dir='ltr'>id</span> <span class='ocrx_word' id='word_1_196' title='bbox 370 2435 430 2488; x_wconf 78' lang='lat' dir='ltr'>nge,</span> <span class='ocrx_word' id='word_1_197' title='bbox 452 2420 557 2471; x_wconf 88' lang='lat' dir='ltr'>utmibi</span> <span class='ocrx_word' id='word_1_198' title='bbox 567 2422 638 2473; x_wconf 81' lang='lat' dir='ltr'>rium</span> <span class='ocrx_word' id='word_1_199' title='bbox 649 2429 794 2483; x_wconf 79' lang='lat' dir='ltr'>monstres,</span> <span class='ocrx_word' id='word_1_200' title='bbox 814 2434 869 2488; x_wconf 85' lang='lat' dir='ltr'>quo</span> 
     </span>
     <span class='ocr_line' id='line_1_28' title="bbox 58 2489 867 2556; baseline -0.004 -14"><span class='ocrx_word' id='word_1_201' title='bbox 58 2490 109 2542; x_wconf 74' lang='lat' dir='ltr'>&#39;od</span> <span class='ocrx_word' id='word_1_202' title='bbox 124 2490 182 2539; x_wconf 84' lang='lat' dir='ltr'>isto</span> <span class='ocrx_word' id='word_1_203' title='bbox 198 2493 364 2555; x_wconf 80' lang='lat' dir='ltr'>perronium.</span> <span class='ocrx_word' id='word_1_204' title='bbox 401 2490 453 2542; x_wconf 86' lang='lat' dir='ltr'>Dic</span> <span class='ocrx_word' id='word_1_205' title='bbox 470 2489 535 2541; x_wconf 86' lang='lat' dir='ltr'>mibi</span> <span class='ocrx_word' id='word_1_206' title='bbox 552 2492 617 2556; x_wconf 83' lang='lat' dir='ltr'>quid</span> <span class='ocrx_word' id='word_1_207' title='bbox 633 2493 722 2545; x_wconf 73' lang='lat' dir='ltr'>nitore</span> <span class='ocrx_word' id='word_1_208' title='bbox 743 2492 867 2550; x_wconf 76' lang='lat' dir='ltr'>debeam,</span> 
     </span>
     <span class='ocr_line' id='line_1_29' title="bbox 73 2558 868 2628; baseline -0.001 -19"><span class='ocrx_word' id='word_1_209' title='bbox 73 2558 140 2625; x_wconf 87' lang='lat' dir='ltr'>quid</span> <span class='ocrx_word' id='word_1_210' title='bbox 154 2565 298 2624; x_wconf 80' lang='lat' dir='ltr'>oppetere:</span> <span class='ocrx_word' id='word_1_211' title='bbox 320 2561 417 2628; x_wconf 89' lang='lat' dir='ltr'>quibus</span> <span class='ocrx_word' id='word_1_212' title='bbox 429 2561 550 2611; x_wconf 83' lang='lat' dir='ltr'>animum</span> <span class='ocrx_word' id='word_1_213' title='bbox 562 2561 700 2613; x_wconf 78' lang='lat' dir='ltr'>labantem</span> <span class='ocrx_word' id='word_1_214' title='bbox 712 2561 812 2612; x_wconf 89' lang='lat' dir='ltr'>studiis</span> <span class='ocrx_word' id='word_1_215' title='bbox 823 2560 868 2609; x_wconf 88' lang='lat' dir='ltr'>iir-</span> 
     </span>
     <span class='ocr_line' id='line_1_30' title="bbox 72 2629 869 2698; baseline -0.003 -19"><span class='ocrx_word' id='word_1_216' title='bbox 72 2642 158 2679; x_wconf 82' lang='lat' dir='ltr'>nrem:</span> <span class='ocrx_word' id='word_1_217' title='bbox 176 2631 404 2694; x_wconf 72' lang='lat' dir='ltr'>quemadmodum</span> <span class='ocrx_word' id='word_1_218' title='bbox 417 2645 487 2698; x_wconf 79' lang='lat' dir='ltr'>quse</span> <span class='ocrx_word' id='word_1_219' title='bbox 499 2646 542 2681; x_wconf 83' lang='lat' dir='ltr'>ms</span> <span class='ocrx_word' id='word_1_220' title='bbox 553 2647 586 2683; x_wconf 86' lang='lat' dir='ltr'>ex</span> <span class='ocrx_word' id='word_1_221' title='bbox 598 2639 754 2682; x_wconf 70' lang='lat' dir='ltr'>transverso</span> <span class='ocrx_word' id='word_1_222' title='bbox 766 2629 869 2679; x_wconf 72' lang='lat' dir='ltr'>feriunt</span> 
     </span>
     <span class='ocr_line' id='line_1_31' title="bbox 74 2699 868 2767; baseline -0.001 -19"><span class='ocrx_word' id='word_1_223' title='bbox 74 2704 225 2765; x_wconf 79' lang='lat' dir='ltr'>aguntque,</span> <span class='ocrx_word' id='word_1_224' title='bbox 237 2701 333 2765; x_wconf 80' lang='lat' dir='ltr'>procui</span> <span class='ocrx_word' id='word_1_225' title='bbox 346 2716 363 2752; x_wconf 86' lang='lat' dir='ltr'>o</span> <span class='ocrx_word' id='word_1_226' title='bbox 374 2716 417 2752; x_wconf 87' lang='lat' dir='ltr'>me</span> <span class='ocrx_word' id='word_1_227' title='bbox 428 2700 571 2766; x_wconf 78' lang='lat' dir='ltr'>repellam.</span> <span class='ocrx_word' id='word_1_228' title='bbox 606 2701 648 2751; x_wconf 80' lang='lat'>22.</span> <span class='ocrx_word' id='word_1_229' title='bbox 661 2699 805 2767; x_wconf 79' lang='lat' dir='ltr'>Quomodo</span> <span class='ocrx_word' id='word_1_230' title='bbox 818 2711 868 2763; x_wconf 83' lang='lat' dir='ltr'>por</span> 
     </span>
     <span class='ocr_line' id='line_1_32' title="bbox 60 2767 868 2837; baseline -0.001 -20"><span class='ocrx_word' id='word_1_231' title='bbox 60 2771 135 2819; x_wconf 70' lang='lat' dir='ltr'>&#39;esso</span> <span class='ocrx_word' id='word_1_232' title='bbox 151 2773 194 2817; x_wconf 84' lang='lat' dir='ltr'>tot</span> <span class='ocrx_word' id='word_1_233' title='bbox 209 2767 289 2819; x_wconf 81' lang='lat' dir='ltr'>molis</span> <span class='ocrx_word' id='word_1_234' title='bbox 305 2770 423 2837; x_wconf 75' lang='lat' dir='ltr'>possimr</span> <span class='ocrx_word' id='word_1_235' title='bbox 444 2770 583 2837; x_wconf 86' lang='lat' dir='ltr'>quomodo</span> <span class='ocrx_word' id='word_1_236' title='bbox 604 2770 672 2820; x_wconf 81' lang='lat' dir='ltr'>istos</span> <span class='ocrx_word' id='word_1_237' title='bbox 695 2768 868 2819; x_wconf 71' lang='lat' dir='ltr'>summitates</span> 
     </span>
     <span class='ocr_line' id='line_1_33' title="bbox 71 2836 866 2906; baseline -0.005 -16"><span class='ocrx_word' id='word_1_238' title='bbox 71 2852 246 2900; x_wconf 73' lang='lat' dir='ltr'>removeam,</span> <span class='ocrx_word' id='word_1_239' title='bbox 266 2852 335 2904; x_wconf 81' lang='lat' dir='ltr'>quse</span> <span class='ocrx_word' id='word_1_240' title='bbox 352 2840 386 2891; x_wconf 82' lang='lat' dir='ltr'>sd</span> <span class='ocrx_word' id='word_1_241' title='bbox 397 2855 439 2891; x_wconf 83' lang='lat' dir='ltr'>me</span> <span class='ocrx_word' id='word_1_242' title='bbox 450 2840 624 2906; x_wconf 82' lang='lat' dir='ltr'>irruperunt:</span> <span class='ocrx_word' id='word_1_243' title='bbox 645 2837 783 2905; x_wconf 87' lang='lat' dir='ltr'>quomodo</span> <span class='ocrx_word' id='word_1_244' title='bbox 795 2836 866 2897; x_wconf 80' lang='lat' dir='ltr'>iltss,</span> 
     </span>
    </p>
   </div>
   <div class='ocr_carea' id='block_1_3' title="bbox 64 2907 946 3113">
    <p class='ocr_par' dir='ltr' id='par_1_3' title="bbox 64 2907 946 3113">
     <span class='ocr_line' id='line_1_34' title="bbox 72 2907 864 2977; baseline -0.006 -18"><span class='ocrx_word' id='word_1_245' title='bbox 72 2907 107 2959; x_wconf 76' lang='lat' dir='ltr'>ud</span> <span class='ocrx_word' id='word_1_246' title='bbox 119 2921 186 2973; x_wconf 83' lang='lat' dir='ltr'>quas</span> <span class='ocrx_word' id='word_1_247' title='bbox 198 2921 249 2974; x_wconf 81' lang='lat' dir='ltr'>ego</span> <span class='ocrx_word' id='word_1_248' title='bbox 259 2908 353 2977; x_wconf 83' lang='lat' dir='ltr'>irrupi.</span> <span class='ocrx_word' id='word_1_249' title='bbox 372 2907 601 2974; x_wconf 80' lang='lat' dir='ltr'>Doce,quomodo</span> <span class='ocrx_word' id='word_1_250' title='bbox 612 2907 697 2959; x_wconf 81' lang='lat' dir='ltr'>ferum</span> <span class='ocrx_word' id='word_1_251' title='bbox 709 2919 864 2958; x_wconf 83' lang='lat' dir='ltr'>serumnsm</span> 
     </span>
     <span class='ocr_line' id='line_1_35' title="bbox 72 2975 873 3042; baseline -0.009 -15"><span class='ocrx_word' id='word_1_252' title='bbox 72 2979 133 3027; x_wconf 82' lang='lat' dir='ltr'>sine</span> <span class='ocrx_word' id='word_1_253' title='bbox 143 2980 247 3040; x_wconf 81' lang='lat' dir='ltr'>gemitu</span> <span class='ocrx_word' id='word_1_254' title='bbox 260 2981 334 3042; x_wconf 81' lang='lat' dir='ltr'>meri,</span> <span class='ocrx_word' id='word_1_255' title='bbox 355 2977 591 3032; x_wconf 73' lang='lat' dir='ltr'>felicitatemsine</span> <span class='ocrx_word' id='word_1_256' title='bbox 602 2978 710 3029; x_wconf 64' lang='lat' dir='ltr'>stienox</span> <span class='ocrx_word' id='word_1_257' title='bbox 730 2975 873 3042; x_wconf 61' lang='lat' dir='ltr'>uuomodo</span> 
     </span>
     <span class='ocr_line' id='line_1_36' title="bbox 64 3044 946 3113; baseline 0.01 -22"><span class='ocrx_word' id='word_1_258' title='bbox 64 3044 193 3093; x_wconf 81' lang='lat' dir='ltr'>ultimum</span> <span class='ocrx_word' id='word_1_259' title='bbox 220 3053 411 3104; x_wconf 78' lang='lat' dir='ltr'>necessarium</span> <span class='ocrx_word' id='word_1_260' title='bbox 440 3051 519 3105; x_wconf 81' lang='lat' dir='ltr'>vitoe</span> <span class='ocrx_word' id='word_1_261' title='bbox 537 3050 697 3106; x_wconf 73' lang='lat' dir='ltr'>terrmnum</span> <span class='ocrx_word' id='word_1_262' title='bbox 715 3061 778 3098; x_wconf 80' lang='lat' dir='ltr'>nun</span> <span class='ocrx_word' id='word_1_263' title='bbox 796 3050 897 3100; x_wconf 49' lang='lat' dir='ltr'>mv·</span> <span class='ocrx_word' id='word_1_264' title='bbox 944 3111 946 3113; x_wconf 7' lang='grc' dir='ltr'>μ</span> 
     </span>
    </p>
   </div>
   <div class='ocr_carea' id='block_1_4' title="bbox 53 3099 952 3196">
    <p class='ocr_par' dir='ltr' id='par_1_4' title="bbox 53 3099 952 3197">
     <span class='ocr_line' id='line_1_37' title="bbox 53 3099 952 3196; baseline 0.034 -39"><span class='ocrx_word' id='word_1_265' title='bbox 53 3113 137 3168; x_wconf 75' lang='lat' dir='ltr'>otoni,</span> <span class='ocrx_word' id='word_1_266' title='bbox 147 3113 342 3186; x_wconf 78' lang='lat' dir='ltr'>sedipsemet,</span> <span class='ocrx_word' id='word_1_267' title='bbox 357 3139 451 3196; x_wconf 85' lang='lat' dir='ltr'>quum</span> <span class='ocrx_word' id='word_1_268' title='bbox 462 3126 561 3181; x_wconf 87' lang='lat' dir='ltr'>risum</span> <span class='ocrx_word' id='word_1_269' title='bbox 576 3099 922 3190; x_wconf 39' lang='lat' dir='ltr'>triumuirum*</span> <span class='ocrx_word' id='word_1_270' title='bbox 941 3108 952 3192; x_wconf 59' lang='lat' dir='ltr'>d,</span> 
     </span>
    </p>
   </div>
   <div class='ocr_carea' id='block_1_5' title="bbox 0 0 976 3420">
    <p class='ocr_par' dir='ltr' id='par_1_5' title="bbox 0 0 976 3420">
     <span class='ocr_line' id='line_1_38' title="bbox 0 0 976 3420; baseline 0 1"><span class='ocrx_word' id='word_1_271' title='bbox 0 0 976 3420; x_wconf 95' lang='lat' dir='ltr'> </span> 
     </span>
    </p>
   </div>
  </div>
 </body>
</html>
