1912 3534
280 109 574 163 urtsrobau.
614 111 653 164 13.
830 113 868 167 29

20 230 24 290 l
62 240 102 282 eat.
114 229 289 282 Videbimus
301 229 367 295 quid
379 230 502 281 laturum
515 232 561 282 ait.
573 233 665 282 Hodie
676 230 744 282 nihil
758 234 863 300 negotii

19 304 22 366 j
62 299 144 351 babet.
183 304 223 352 At
241 298 515 350 enimrutururneat.
553 301 673 351 Primum
691 302 811 368 dispice,
829 317 862 352 an

15 399 19 424 r
61 379 129 420 certa
141 377 317 435 argumenta
327 369 384 418 nint
396 370 506 419 venturi
519 371 598 420 mali:
616 371 778 437 plerumque
788 373 862 422 enim

15 429 18 477 ἶ
60 439 267 504 suspicionibus
280 438 453 497 laboramus,
469 446 497 488 et
508 438 604 489 illudit
619 442 699 490 nubta
711 441 773 500 illa,
792 456 862 507 quae

15 555 16 559 ,
60 512 192 558 mnticere
214 507 320 557 bellum
337 507 423 566 aolet,
445 506 533 557 fama:
555 509 643 558 multo
661 516 752 560 autem
773 511 863 575 niagia

58 577 182 643 singulos
195 577 318 626 conticit.
353 576 378 626 8.
398 578 440 626 lta
450 584 501 636 eat,
513 579 548 627 rni
563 578 667 628 Lucili:
685 579 743 628 cito
754 578 862 628 accedi·

17 699 20 722 ἰ
58 661 114 696 mun
130 645 273 711 opinioni,
289 661 342 694 non
361 647 607 710 coarguimuaille‚
622 662 692 712 quae
705 662 755 696 nos
766 646 792 695 in
808 662 865 696 me·

58 726 111 765 turn
129 714 289 765 adducunt:
308 715 538 776 necexcutimua,
559 716 607 767 aed
625 716 812 782 trepidamus:
835 723 863 766 et

14 783 15 787 ’
57 786 242 835 ricrertimue
255 792 350 848 terga,
366 783 596 848 quemadmodum
614 784 671 848 illi,
693 800 761 851 quus
773 785 862 850 pulvis

1 853 2 865 ²
58 862 148 903 motus
163 854 390 918 trigamorum,
408 853 485 902 exuit
495 856 609 917 caetris,
626 862 675 905 ant
687 870 755 920 quus
768 856 862 921 aliqua

57 922 154 975 labala
169 925 230 973 aine
242 928 358 972 auctore
369 937 467 987 aparaa
479 927 642 975 conterruit.
679 925 782 976 Nescio
798 940 863 989 qno-

10 1031 13 1034 .
57 994 140 1043 modo
162 993 255 1057 magia
273 1006 346 1041 vana
368 991 544 1055 perturbant:
566 1009 633 1044 vera
655 994 726 1043 eninr
749 994 860 1043 rrrudnm

57 1077 134 1112 cuum
145 1060 264 1111 liabent:
276 1059 407 1126 quidquid
420 1076 453 1110 cx
467 1062 574 1111 incerto
586 1063 672 1122 venit,
686 1063 862 1113 coniecturae

57 1138 83 1183 et
104 1131 240 1181 licentiae
263 1130 389 1194 parentia
402 1131 487 1179 animi
503 1131 635 1181 truditur.
671 1131 697 1181 9.
717 1130 794 1181 Nulli
811 1132 861 1180 ita-

1 1252 2 1261 ¹
15 1200 17 1203 ’
58 1216 106 1266 que
117 1209 176 1250 tam
189 1199 349 1264 perniciosi,
362 1206 418 1249 tam
429 1200 632 1261 irrevocabiles,
644 1215 724 1265 quum
739 1199 863 1265 lympha·

57 1270 103 1320 tici
122 1275 216 1319 metus
238 1274 314 1317 aunt:
337 1269 422 1319 ceteri
444 1270 515 1320 cuim
538 1270 735 1328 sinuatione,
757 1267 783 1318 hi
801 1269 862 1321 aine

1 1344 2 1348 ’
58 1345 238 1390 menteeunt.
275 1338 559 1404 inquiramusitaque
577 1340 604 1389 in
622 1354 678 1389 rem
703 1339 861 1405 diligenter.

60 1408 220 1461 Verisimile
235 1413 293 1467 ert,
314 1407 418 1473 aliquid
439 1407 562 1457 futurum
584 1408 668 1460 nralil
688 1424 742 1459 non
766 1411 860 1459 atntim

58 1494 149 1529 rerum
168 1485 222 1528 est.
260 1478 348 1538 Quam
366 1476 454 1526 multa
468 1493 523 1527 non
538 1484 698 1543 exspectata
719 1485 861 1537 venerunt,

60 1563 137 1612 qnam
165 1547 256 1596 multa
281 1552 443 1611 exspectata
467 1562 605 1613 nunqnam
633 1546 862 1613 comparueruntl

11 1636 13 1662 !
60 1617 185 1667 Etiamsi
197 1617 320 1666 futurum
333 1623 390 1677 eat,
401 1615 465 1680 quid
478 1617 553 1666 iuvat
565 1616 657 1666 dolori
669 1631 720 1665 ano
733 1631 861 1666 occurre·

0 1694 12 1728 ³÷
61 1688 103 1738 rel
114 1688 192 1739 Satin
203 1685 260 1738 cito
273 1685 479 1751 dolebia‚quum
491 1688 612 1736 reuerita
623 1685 734 1735 interim
746 1685 798 1735 tibi
810 1700 865 1734 rire-

11 1794 12 1802 ,
61 1758 128 1807 liora
153 1757 297 1824 promitte.
335 1754 407 1816 Quid
434 1754 521 1805 facien
546 1754 634 1805 lucrii
665 1762 782 1818 tempus¹
824 1754 862 1804 10.

63 1827 150 1877 lelulta
171 1826 373 1883 intervenient,
397 1825 495 1891 quibua
510 1823 630 1893 vicinum
647 1823 797 1890 periculum
819 1822 861 1872 rel

64 1909 143 1962 prope
167 1896 314 1946 admotum
337 1899 386 1944 aut
401 1894 544 1952 subsistat,
567 1900 616 1943 aut
631 1893 755 1955 desinat,
771 1894 861 1943 autin

64 1966 178 2017 aliennm
190 1971 275 2030 caput
288 1969 420 2013 transeat.
439 1962 597 2014 lncendium
609 1962 643 2020 ad
656 1963 749 2031 lugam
761 1966 863 2029 patuit.-

64 2036 193 2100 qnncdam
207 2032 334 2084 molliter
345 2034 426 2082 ruina
436 2032 575 2099 deposuit:
593 2034 740 2100 aliqnando
753 2032 864 2099 gladius

65 2106 93 2155 ab
109 2108 172 2172 ipra
189 2103 299 2155 cervice
313 2110 460 2153 revocatus
473 2110 529 2154 est:
551 2103 653 2170 aliquia
666 2104 789 2154 carnifici
813 2116 863 2150 auo

64 2183 204 2241 ruperatea
216 2173 281 2223 fuit.
299 2171 392 2222 Habet
403 2173 486 2222 etiam
499 2173 571 2223 mala
583 2171 696 2223 fortuna
708 2174 863 2223 lenitatem:

64 2242 178 2295 lemanno
190 2243 257 2302 erit,
270 2240 391 2291 lomense
403 2258 455 2291 non
467 2244 534 2293 erit:
546 2243 656 2294 interim
671 2241 734 2291 dum
747 2255 800 2291 non
813 2244 864 2300 eat,

65 2315 178 2365 neliora
189 2325 326 2379 propone.
367 2311 406 2361 ll.
424 2310 627 2380 Nonnunquam
640 2311 723 2361 nullis
734 2323 865 2375 apparen-

65 2383 131 2434 tibus
142 2384 250 2451 signia,
262 2395 335 2448 quae
346 2381 410 2431 mali
426 2381 531 2447 aliquid
549 2381 740 2447 pronuntient,
757 2381 865 2429 animus

24 2444 31 2520 L
64 2454 110 2504 ribi
126 2454 219 2505 {aleae
236 2451 374 2515 imagines
389 2451 482 2518 lingit,
505 2460 553 2500 aut
569 2451 682 2500 verbum
695 2448 807 2514 uliqund
818 2447 865 2496 du·

24 2522 33 2588 s?
64 2520 121 2575 biae
134 2519 357 2591 nignilicationin
368 2519 514 2586 detorquet
527 2524 552 2569 in
565 2522 655 2585 peius,
671 2528 718 2570 urit
734 2519 864 2569 maiorem

25 2618 29 2627 ·
63 2593 109 2644 ribi
122 2593 260 2645 offensam
271 2591 403 2654 proponit
413 2591 544 2654 alicuine,
555 2605 638 2659 iprum
653 2597 707 2655 rat,
720 2598 750 2645 et
759 2590 881 2659 cogitat,

53 2672 103 2707 m
112 2668 248 2723 qnantum
259 2658 350 2707 iratus
361 2661 413 2712 ille
424 2662 533 2718 siteed
546 2677 689 2737 qnantum
697 2668 790 2723 liceat
799 2665 896 2717 irato·
