1912 3534
246 809 261 857 2
529 807 753 861 SENECAE

243 933 272 975 et
293 925 429 977 vilissima
448 935 523 988 sunt,
545 936 620 978 certe
635 929 815 993 reparabilia,
838 930 925 994 imput

243 1010 326 1060 quum
338 997 533 1061 impetravere,
546 998 700 1061 patiantur:
718 1013 796 1049 nenio
808 1014 837 1049 se
851 999 928 1048 iudie

244 1078 325 1128 quam
339 1064 449 1125 debere,
462 1067 507 1131 qui
518 1074 627 1130 tempus
639 1069 761 1132 aceepit,
777 1082 859 1132 quum
872 1069 928 1116 inte

245 1148 327 1183 unum
350 1143 406 1193 est,
427 1134 498 1200 quod
521 1150 555 1184 ne
575 1143 670 1201 gratus
687 1136 928 1201 quidempotestr

211 1231 219 1257 ;
246 1203 434 1270 interrogabis
452 1203 585 1264 ios-tasse,
601 1204 664 1270 quid
679 1219 730 1271 ego
742 1204 855 1266 facian,
866 1205 928 1271 quit

245 1272 403 1338 praecipio?
439 1275 464 1324 4.
487 1273 609 1323 Fatebor
629 1275 764 1340 ingenue:
786 1273 858 1339 quod
880 1289 928 1338 spu

245 1343 365 1402 riosum,
379 1343 428 1393 sed
444 1342 620 1407 diligentem,
637 1343 745 1403 evenit,
761 1342 836 1392 ratio
854 1343 921 1392 mibi

246 1410 397 1475 impensae.
434 1410 496 1461 Non
512 1426 623 1477 possum
643 1411 748 1473 dicere,
769 1427 812 1462 nie
828 1411 897 1461 nihil
918 1428 928 1477 p

245 1479 294 1529 sed
310 1479 375 1545 quid
392 1479 522 1546 perdam,
539 1489 568 1533 et
585 1495 683 1547 quare,
699 1487 727 1532 et
741 1481 924 1548 quemadmod

247 1564 319 1598 eam:
336 1565 433 1601 causas
451 1551 623 1615 paupertatis
640 1565 719 1600 meae
739 1551 861 1601 reddam.
898 1549 927 1600 si

247 1617 328 1678 mibi,
344 1618 417 1684 quod
435 1620 573 1686 plerisque
589 1634 645 1670 non
660 1635 710 1670 suo
725 1621 794 1668 sitio
811 1620 846 1669 sd
863 1619 927 1686 inop

246 1686 346 1737 doctis:
363 1703 458 1740 omnes
470 1688 630 1756 ignoscunt,
640 1702 720 1739 neruo
732 1690 876 1738 succurrit.
896 1687 928 1748 Q!

246 1756 305 1806 esti
322 1757 382 1808 Non
398 1765 466 1823 putu
479 1773 636 1825 pauperem,
648 1758 705 1819 cui,
716 1757 928 1823 quantulumcur

246 1835 351 1891 perest,
367 1835 411 1878 sat
423 1835 473 1879 est.
510 1830 553 1879 Tu
566 1835 657 1878 tamen
670 1827 744 1877 nraio
755 1842 848 1878 serres
861 1834 923 1886 tua,

245 1904 372 1961 tempore
383 1899 423 1946 uti
435 1898 561 1963 incipias.
598 1897 682 1957 Nam,
699 1903 728 1946 ut
741 1896 827 1946 risum
840 1904 882 1946 est
894 1911 928 1945 mr

247 1967 363 2016 nostris:
388 1968 475 2026 „Seru
486 1967 653 2031 parsimonia
666 1966 693 2014 iu
706 1965 791 2014 iundo
804 1970 872 2016 est.“
895 1965 928 2016 N(

245 2039 352 2084 tuntum
366 2035 508 2085 minimum
520 2035 548 2085 in
563 2036 628 2096 imo,
639 2034 687 2084 sed
700 2036 847 2100 pessimum
861 2049 928 2086 reon

487 2137 731 2190 EPiSTOLA
765 2137 802 2189 11.

247 2222 357 2278 torporis
367 2223 471 2281 quietem
481 2222 608 2280 approbat,
616 2225 656 2265 sed
664 2229 686 2266 et
695 2222 772 2266 animi
783 2224 809 2266 in
817 2237 867 2266 uso
875 2225 926 2280 oiiq

272 2280 358 2322 studio.
383 2281 486 2323 iinmnat
495 2278 638 2326 emissarios,
651 2278 693 2336 poi
705 2293 748 2336 per
757 2279 928 2322 nortmannos

270 2343 315 2392 pto
332 2336 483 2379 discurrunt.-
497 2334 779 2392 prrucrtbonnqnepots'm
794 2336 873 2388 lesere,
889 2335 928 2378 eti

272 2392 325 2435 rari
335 2394 424 2436 sunder.
454 2391 632 2448 &serpentium
641 2405 729 2447 suuper
739 2390 843 2446 aliquid.
859 2398 879 2432 et
891 2405 928 2432 nm

271 2449 383 2491 rendum.-
399 2463 413 2490 a
423 2461 464 2491 tres
476 2447 597 2503 exemplo,
612 2449 653 2504 qui
662 2446 817 2503 idesrtsecerit
827 2445 852 2487 in
862 2447 928 2505 Epiri

268 2503 309 2557 gio
321 2505 371 2546 Ioco
381 2505 408 2547 sie
419 2503 572 2559 Paupertate.

294 2576 372 2626 Eteri
385 2574 426 2625 bis
441 2591 511 2642 quae
523 2573 588 2625 mihi
600 2578 707 2638 scribis,
730 2585 803 2630 etex
815 2577 857 2627 his
867 2593 928 2643 qum

241 2645 342 2695 bonnm
355 2659 429 2709 spem
442 2645 516 2696 dete
529 2645 667 2712 concipio:
679 2661 733 2697 nun
746 2649 892 2708 discurris,
904 2664 928 2698 m

243 2729 300 2763 rum
329 2714 531 2766 mutationibus
560 2714 736 2780 inquietaris.
772 2717 855 2783 Aegri
876 2717 928 2767 anit

240 2783 354 2832 iactatio
366 2792 417 2835 est.
450 2783 570 2835 Primum
583 2791 775 2851 argumentum
788 2787 928 2852 composit.

240 2854 276 2901 tis
296 2852 442 2917 existimo,
465 2869 545 2920 posse
567 2856 734 2916 consistere,
757 2864 785 2907 st
806 2871 901 2906 securo

242 2921 310 2971 iiiud
322 2930 413 2972 sutem
427 2924 504 2986 vide,
515 2941 550 2977 ue
561 2924 709 2977 istalectio
722 2926 870 2976 multorum
885 2940 928 2976 sur

239 2998 268 3041 et
280 2993 369 3042 omnis
382 2994 490 3057 generis
502 2995 689 3056 voluminum,
705 2992 806 3047 habeut
817 2994 923 3060 aliquid

238 3066 265 3110 et
283 3060 422 3113 instabile.
459 3065 547 3115 Certis
563 3063 681 3131 ingeniis
699 3064 842 3116 immorari
858 3070 887 3115 et
907 3064 928 3114 ii

236 3135 363 3190 oportet,
376 3131 401 3180 si
412 3132 482 3183 velis
494 3133 597 3199 aiiquid
610 3132 731 3196 trabere,
744 3135 815 3200 quod
829 3134 853 3183 in
867 3133 928 3184 anio

216 3190 290 3242 h'eer
302 3199 414 3250 sedeat.
451 3203 478 3253 2.
501 3203 647 3272 Nusquam
668 3211 724 3264 est,
742 3205 788 3270 qui
803 3203 928 3268 ubique«

181 3265 446 3368 ‘sszregrinstione
459 3273 548 3328 vitam
562 3273 786 3346 egentibusbnc
795 3273 928 3332 euenit,u

235 3331 322 3384 ΜΒ
346 3335 502 3410 babeant,
524 3348 627 3402 nuiiss
652 3346 809 3400 amicitias.
844 3341 926 3392 idem
