1942 3360
230 588 248 641 4
520 579 745 638 SENECAE

228 704 353 767 secessit,
365 707 536 757 &onomius
547 703 722 764 admocum,
742 701 880 768 iussosque
890 694 941 764 prae*

229 775 377 828 cervicem:
398 773 550 835 Praebebo,
569 773 669 840 inquit,
690 774 733 824 its
747 773 844 822 rivum.
877 767 940 830 (lum

228 844 334 897 mentia
344 843 504 912 restingere,
517 857 598 909 quum
611 843 741 895 retroire
751 856 805 892 oon
818 837 916 907 pomis!
931 831 941 886 i

228 915 309 977 bebo,
327 913 426 981 inquit,
446 912 602 965 itavivsnt
624 911 716 966 Paene
726 911 840 974 adiecit,
860 902 941 979 rellsai

229 984 317 1036 tonio.
347 983 388 1036 12
401 984 423 1034 0
435 982 573 1036 hominem
585 982 711 1052 dignum,
724 981 772 1050 qui
782 982 857 1032 ritae
867 977 941 1030 dedet

231 1054 296 1117 Sed,
316 1058 348 1105 ut
365 1068 509 1119 coeperam
524 1052 626 1114 dicere,
648 1052 726 1103 vides
742 1053 832 1118 ipsam
848 1056 941 1101 murteo

230 1124 333 1176 irralum
346 1137 417 1186 ease,
428 1138 478 1175 nec
486 1123 601 1174 bonum
613 1124 684 1174 Cato
696 1118 941 1175 marocenorum

231 1201 282 1256 est,
291 1192 453 1259 turpissime
465 1193 577 1244 Brutus.
613 1191 710 1244 Omnis
722 1207 777 1255 res,
788 1191 861 1259 quod
871 1185 941 1242 noni

231 1263 324 1324 decus,
334 1263 439 1313 virtute
449 1262 543 1313 addita
554 1263 646 1314 sumit.
685 1263 850 1314 Cubiculum
863 1257 941 1312 lucido

231 1333 331 1383 cimus:
351 1329 404 1381 hoc
424 1331 496 1385 idem
513 1331 738 1384 obscurissimum
751 1338 899 1384 estnocte:
918 1329 941 1381 di

229 1401 321 1454 iucem
338 1399 476 1465 infundit,
496 1416 552 1454 nox
568 1403 661 1467 eripit.
698 1400 747 1454 Sic
760 1403 825 1454 istis
840 1415 910 1468 quae
924 1413 938 1451 a

228 1471 416 1524 indifferentia
427 1486 460 1523 ac
470 1472 562 1524 media
573 1472 712 1533 dicuntur,
724 1471 842 1534 divitiis,
851 1471 941 1521 viribus

229 1557 302 1606 mee,
312 1540 472 1603 honoribus,
484 1556 584 1609 regno:
597 1548 739 1603 etconue,
751 1542 846 1602 morti.
855 1540 941 1593 exuitis

229 1612 275 1664 lae
285 1610 450 1674 valetudini,
462 1613 612 1674 doloribus,
624 1626 750 1679 quaeque
761 1612 873 1663 aliaaut
883 1611 941 1662 min

229 1683 320 1802 magis
332 1681 733 1805 linientimuimusssmfflmelitia,
744 1690 794 1733 aut
806 1679 941 1803 mffl?

228 1768 262 1802 vc
289 1766 334 1802 ma
372 1767 483 1804 nomen.
553 1789 560 1802 .
613 1767 676 1804 assa
729 1766 844 1803 rscncc
900 1765 941 1801 ra

228 1819 332 1887 frigida
352 1827 403 1871 est.
449 1823 479 1872 ln
500 1820 641 1875 fornacem
670 1766 800 1873 edidicere
820 1820 941 1872 concalui

228 1904 328 1955 aquam
340 1891 458 1942 remissa
467 1891 587 1945 refrixit.
618 1891 696 1943 Mors
709 1890 829 1943 honesta
841 1899 893 1952 est,
903 1905 941 1958 per

228 1958 302 2026 quod
313 1958 457 2012 honestum
471 1967 522 2014 cst.
545 1960 577 2013 ld
589 1970 632 2013 est
643 1961 740 2023 uirtus,
762 1968 791 2014 et
801 1962 910 2013 animus
920 1975 941 2012 eu

229 2036 416 2082 contemnens.
449 2033 499 2084 Est
511 2031 657 2093 ethorum,
670 2031 770 2093 Lucili,
781 2046 853 2098 quae
864 2031 941 2098 appel

229 2100 335 2165 Media,
346 2099 451 2169 grande
462 2101 618 2154 discrimen.
654 2100 717 2153 Non
728 2104 800 2153 enim
812 2102 856 2154 sic
866 2116 940 2152 mors

230 2170 323 2224 tereos
337 2179 386 2234 cst,
408 2172 561 2238 quomodo,
582 2177 674 2224 utrum
689 2172 808 2237 capillos
823 2187 907 2239 parca
922 2171 941 2222 ir

229 2258 330 2295 necne.-
352 2257 425 2294 mors
445 2244 520 2293 inter
539 2241 588 2294 illa
604 2249 656 2303 est,
677 2242 843 2309 quaomnia
860 2242 941 2312 quide

229 2318 303 2374 sunt,
313 2319 405 2364 tamen
415 2310 519 2365 habent
529 2312 596 2363 mali
606 2312 733 2378 speciem.
771 2312 812 2363 14.
831 2312 941 2366 Suram

229 2387 258 2433 et
274 2380 453 2446 permanendi
474 2382 712 2450 conservandique
732 2396 762 2434 se
782 2383 875 2435 insita
895 2381 941 2435 voi

230 2455 313 2515 atque
335 2451 493 2516 aspernatio
514 2451 722 2504 dissolutionis:
743 2453 809 2518 quie
825 2455 933 2506 videtur

230 2519 312 2571 nobis
325 2518 399 2571 bona
413 2520 533 2586 eripere,
554 2529 584 2574 et
594 2536 646 2574 nos
659 2538 693 2575 cx
708 2521 773 2584 hac,
795 2524 844 2574 cui
856 2537 941 2575 assam

228 2604 320 2642 rerum
333 2590 415 2656 copia
425 2589 549 2644 educere.
571 2591 623 2643 lita
633 2608 743 2660 qunque
752 2607 797 2645 res
808 2597 941 2646 mortino

229 2667 287 2723 nat,
308 2659 379 2727 quod
391 2657 459 2711 haec
470 2661 524 2712 ism
535 2663 674 2714 novimus:
695 2661 745 2715 sila
756 2662 792 2715 sd
804 2679 879 2732 qnae
888 2672 941 2716 trar

230 2747 333 2794 sumus,
352 2731 491 2784 nescimus
513 2731 607 2799 qualis
627 2735 692 2794 sint,
714 2741 744 2785 ct
763 2731 912 2788 horremus
926 2736 941 2799 ir

229 2802 374 2854 Naturalis
393 2807 539 2870 practerea
553 2805 730 2855 tenebrarum
745 2810 838 2856 netas
853 2817 907 2867 esa,
923 2806 941 2856 ir

229 2871 382 2924 adductura
393 2887 466 2924 mors
476 2871 608 2925 creditur.
643 2871 682 2925 15.
693 2873 790 2941 itaque
801 2875 916 2928 etiamsi
924 2877 941 2927 tr

228 2955 289 2994 rens
301 2956 384 3005 mors,
395 2959 450 2994 con
461 2950 553 2995 tamen
564 2944 638 2995 inter
647 2959 680 2995 es
690 2949 734 2995 est
746 2959 817 3011 quae
830 2944 941 2997 facilen

224 3011 346 3076 possint:
368 3026 470 3080 magna
483 3012 684 3066 exercitatione
701 3013 845 3067 durandus
859 3022 905 3067 cst
915 3030 941 3066 as

220 3092 254 3136 ut
274 3089 458 3155 conspectam
482 3084 542 3139 cius
562 3098 757 3150 accessumque
778 3088 911 3153 potiatur.

29 3146 64 3306 ι
211 3159 364 3216 contemni
376 3158 587 3234 debetmagis,
603 3170 689 3229 uuam
699 3154 785 3210 notet.
808 3155 941 3207 rumam
