1942 3360
258 489 548 548 EPISTOLAE.
583 493 626 549 ⁸5.
807 495 843 550 25

45 609 196 663 materiam
208 610 364 674 obtulisses,
376 613 487 665 fecisset
498 612 579 680 quale
589 628 623 666 ex
633 613 683 668 illa
693 614 755 667 lieri
767 615 841 682 opti·

20 663 29 736 ξ
47 694 117 734 muns
129 688 238 748 posset.
273 681 317 733 Sic
327 685 438 750 sapiens
450 684 588 744 virtutem,
608 685 632 735 si
643 686 747 748 licebit,
758 686 785 736 in
798 685 841 736 di-

20 750 29 822 {j
46 752 118 802 vitiis
129 750 300 817 explicabit;
320 753 345 803 si
358 752 455 813 minos,
466 752 494 802 in
506 760 682 819 paupertates
694 755 719 804 si
731 756 843 820 poterit,

48 819 72 869 in
84 823 191 886 patriu3
203 822 227 870 si
239 821 336 881 miuus,
347 822 376 872 in
387 821 501 874 exsilio:
520 825 544 872 si
555 823 842 889 poterit'imperator;

49 890 177 952 siminus,
191 888 284 940 miles:
296 892 319 940 si
333 892 444 956 poterit,
455 892 576 958 integer3
588 892 723 954 siminus,
735 891 842 943 debilis.

49 959 246 1026 Quemcunque
255 958 394 1011 fortunam
405 963 550 1026 acceperit,
567 960 673 1027 aliquid
684 976 718 1012 ex
726 960 779 1011 illa
789 975 843 1012 me·

49 1028 181 1081 motabile
193 1029 302 1079 ciliciet.
338 1028 379 1080 35.
390 1029 467 1081 Certi
475 1036 540 1080 sunt
550 1029 701 1082 domitores
711 1031 844 1090 ferarum,

27 1157 29 1159 ‚
51 1098 91 1162 qui
108 1097 278 1150 saevissimo
294 1097 424 1150 animalia
440 1105 469 1150 et
484 1099 518 1149 ud
534 1114 677 1151 occursum
699 1098 844 1165 expavefa-

50 1167 145 1218 tientis
154 1165 295 1218 hominem
307 1174 409 1235 cogunt
418 1168 583 1235 subiugum:
600 1184 650 1220 nec
659 1172 840 1235 asperitatem

20 1233 26 1351 Ι
49 1240 198 1288 excussisse
209 1237 341 1297 contenti,
351 1252 436 1304 osque
446 1237 473 1287 in
484 1239 692 1290 contubernium
705 1238 842 1306 mitigant.

20 1353 24 1378 ἰ
48 1300 184 1358 Leonibus
194 1306 329 1372 magister
342 1320 452 1358 manum
463 1308 736 1369 insertat,oscolator
745 1308 841 1376 tigrim

20 1390 24 1414 r
47 1387 105 1424 suus
115 1383 222 1435 custos,
234 1373 406 1440 elephantem
420 1376 547 1427 minimus
555 1375 683 1443 Aethiops
694 1378 769 1429 iubet
779 1376 843 1427 sub·

45 1443 130 1496 sidere
144 1450 174 1496 in
187 1458 285 1512 genua,
295 1451 324 1496 et
333 1444 475 1496 ambulare
486 1445 645 1510 petionem.
674 1443 721 1496 Sic
731 1446 842 1511 sapiens

44 1521 81 1564 est
91 1514 201 1566 artifex
214 1512 344 1564 domandi
357 1514 438 1565 mula.
474 1512 572 1574 Dolor,
589 1521 707 1582 egestus,
723 1514 841 1583 ignomi-

41 1584 92 1646 nia,
104 1598 214 1645 carcer,
237 1583 376 1645 exsilium,
396 1590 425 1635 et
436 1584 589 1649 ubicunque
601 1581 748 1648 horrenda,
759 1597 842 1651 quom

41 1653 72 1704 ad
85 1651 161 1706 lsunc
172 1667 333 1720 pervenere,
345 1660 489 1705 mansueta
499 1659 571 1704 sunt.

213 1753 458 1808 oplsxooa
496 1754 672 1811 cxxxvi.

39 1827 71 1871 ve
80 1827 142 1872 oilla
150 1823 284 1927 Africam
299 1823 410 1892 qedsjfeic
420 1833 443 1869 et
452 1824 542 1875 lanes.
561 1839 602 1869 nec
613 1825 699 1894 polito,
715 1823 840 1892 nee-lauto.

62 1884 163 1982 gage:
172 1893 256 1982 m
265 1893 304 1923 sus
314 1894 376 1925 aeus.
405 1881 552 1932 ismeone,
571 1882 598 1925 de
607 1883 664 1925 olens
674 1882 785 1930 snmdss,
803 1893 839 1924 oc-

90 2010 121 2060 ln
137 2010 202 2077 ipss
217 2007 355 2077 Scipionis
369 2010 493 2063 Africani
510 2009 577 2060 villa
594 2009 688 2061 lucens
703 2004 771 2058 haec
786 2006 840 2058 tibi

37 2079 145 2139 scribo,
165 2079 293 2132 adoratis
305 2079 430 2132 manibus
441 2082 500 2132 eius
514 2085 542 2130 et
557 2092 635 2138 arcu,
654 2091 733 2142 qoam
750 2075 840 2142 sepul·

38 2164 112 2200 crum
125 2164 189 2202 esse
201 2152 274 2201 tanti
283 2150 336 2201 viri
354 2150 491 2217 suspicor:
529 2148 647 2198 animum
659 2145 767 2213 quidem
779 2147 839 2197 eius

37 2218 65 2269 in
77 2219 197 2282 coelum,
209 2233 243 2271 ex
254 2236 308 2287 quo
319 2226 387 2282 erut,
401 2219 505 2270 redisse
517 2217 669 2283 persuadeo
680 2214 762 2267 mihis
784 2229 838 2266 non

39 2289 104 2354 quia
115 2303 234 2358 magnos
246 2290 384 2342 exercitus
396 2288 485 2349 duxit,
496 2285 559 2348 (isos
570 2287 641 2338 enim
653 2284 839 2352 etcnmbyses

39 2357 170 2419 iuriosus,
183 2374 216 2410 ac
227 2357 320 2411 furore
331 2358 452 2411 ieliciter
463 2372 528 2408 usos
538 2355 645 2417 hebuit)
655 2355 704 2408 sed
716 2357 750 2408 ob
761 2371 838 2424 egre·

40 2428 109 2494 giam
123 2426 346 2480 moderationem
360 2431 560 2495 pietatemque,
580 2427 671 2496 magis
689 2429 716 2477 in
728 2427 777 2477 illo
788 2424 836 2477 ud-

40 2498 210 2560 nirabilcm,
230 2513 311 2565 quum
325 2498 436 2565 reliquit
452 2501 584 2565 patrium,
605 2512 686 2564 quam
699 2511 780 2563 quum
793 2495 837 2546 de·

40 2565 135 2620 tendit.
175 2572 230 2620 Aut
245 2567 339 2635 Scipio
352 2568 455 2620 Romae
466 2568 562 2619 deesse
573 2566 704 2626 debebat,
725 2571 773 2616 aut
783 2563 837 2614 lio·

41 2649 95 2690 nse
111 2638 241 2690 libertos.
276 2638 302 2688 2.
319 2672 336 2699 „
343 2635 434 2701 Nihil,
450 2636 551 2704 inquit,
569 2636 633 2688 volo
647 2635 781 2700 derogare
796 2632 837 2684 le·

39 2707 123 2773 gibus,
146 2704 219 2758 nilsil
241 2706 385 2758 institutis.
423 2709 541 2773 Aequum
561 2705 637 2757 inter
652 2716 746 2755 omnes
762 2702 837 2753 cives

39 2775 73 2829 ius
85 2782 137 2830 sit:
165 2784 246 2828 utere
257 2777 317 2828 sine
328 2790 371 2828 me
381 2776 512 2828 beneflcio
524 2788 595 2835 meo,
610 2771 710 2842 patria.
747 2772 837 2822 (lausa

37 2847 80 2900 libi
91 2848 241 2901 libertatis
252 2844 301 2907 lui,
312 2860 360 2897 cro
371 2853 399 2899 et
409 2851 608 2914 argumentum.
633 2844 719 2899 Exeo,
730 2841 755 2890 si
784 2840 837 2902 los,

34 2929 110 2986 quam
125 2917 182 2969 tilsi
196 2914 320 2981 expedit,
332 2915 440 2968 crevi.“
463 2912 564 2975 Quidni
573 2927 624 2981 ego
636 2909 757 2963 admirer
766 2855 837 2963 tanc

30 2985 259 3060 magnitudinem
279 2986 372 3048 animi,
392 2999 448 3053 qua
467 2987 494 3035 in
510 2983 635 3035 exsilium
651 2979 835 3033 voluntarium

26 3060 154 3118 secessit,
176 3059 209 3108 et
231 3053 370 3108 civitatem
390 3051 567 3108 exoneravit!
586 3053 627 3107 lio
642 3048 779 3123 perducta
790 3064 840 3104 res
