1838 3456
181 503 467 585 nersrounu.
503 506 547 557 ns.
712 502 765 556 225

34 625 43 675 i
60 640 115 674 non
130 624 171 673 ric
185 621 390 673 distrahuntur!
413 623 531 674 Etiamsi
546 633 612 676 eunt
622 638 688 675 rere
701 623 765 685 icto,

34 696 138 745 ierunt.
174 691 248 754 Quid
269 693 345 741 iuvat
362 691 530 757 praeteritos
550 694 661 745 dolores
678 701 765 745 retm-

34 784 44 825 ÷,
55 770 82 813 et
92 762 224 812 miserum
236 775 306 821 esee,
316 762 381 827 quie
391 759 495 812 fueriti
506 764 588 824 Quid,
599 761 672 828 quod
684 777 766 813 nemo

34 833 141 884 nultum
154 829 234 879 mulie
246 829 304 880 euie
315 829 423 893 adiicit,
440 837 467 883 et
479 831 531 881 ribi
542 833 602 898 ipre
614 831 766 883 mentituri

34 902 67 952 de
83 898 157 966 quod
176 896 305 949 acerbum
316 898 384 959 tuit,
403 899 534 952 retulisse
550 900 697 952 iucundum
714 907 767 952 eet.

35 968 94 1021 rate
106 976 158 1030 eet,
171 966 237 1017 nraii
249 966 291 1018 eui
302 967 355 1019 iine
367 968 500 1036 gaudere.
538 967 768 1021 Circumcidenda

40 1037 95 1088 duo
107 1042 182 1099 eunt,
194 1045 221 1088 et
233 1034 322 1087 futuri
333 1039 427 1097 timor,
444 1047 472 1089 et
482 1039 585 1090 veterio
597 1036 767 1088 incommodi

35 1108 107 1157 oria:
119 1105 214 1156 hoced
227 1121 270 1156 me
282 1106 336 1157 itun
346 1120 399 1156 non
410 1110 540 1173 pertinet,
551 1107 624 1159 iilud
634 1107 767 1158 nondum.

34 1194 46 1227 n
58 1176 127 1242 ipsis
142 1175 249 1242 poeitue
261 1173 471 1228 difficultatibus
484 1177 571 1228 dicet:

34 1272 56 1283 -
66 1244 174 1296 Fortun
186 1253 213 1296 et
223 1243 291 1297 iaec
302 1245 366 1296 olim
376 1245 524 1298 meminisse
534 1245 649 1299 iuuabit.

34 1321 147 1365 tcontra
158 1312 237 1363 iilum
250 1321 353 1381 pugnet
363 1315 466 1365 enimn.
486 1313 632 1376 Vincetur,
643 1317 667 1366 ei
680 1330 768 1367 ceure-

39 1384 138 1439 vincet.
159 1383 183 1433 ei
204 1398 233 1434 ee
255 1389 353 1434 contre
369 1383 493 1435 dolorem
511 1400 591 1435 errrrm
607 1384 767 1437 intenderit.

34 1449 105 1504 choo
116 1452 241 1519 plerique
257 1450 377 1512 faciunt,
399 1451 544 1503 attrabunt
560 1454 587 1504 in
605 1468 636 1503 ee
653 1456 768 1514 ruinam,

34 1521 189 1572 >herandum
202 1529 253 1573 eet.
281 1519 359 1572 istud
371 1520 443 1587 quod
456 1523 565 1586 premit,
578 1521 651 1589 quod
662 1523 768 1588 impen-

37 1591 106 1657 quod
118 1596 208 1657 urget,
218 1592 241 1641 ei
254 1590 408 1641 subducere
418 1598 446 1642 te
457 1593 731 1657 coeperie,requetur
741 1599 770 1642 et

34 1661 77 1710 ius
89 1660 241 1712 incumbet:
254 1660 277 1710 ei
289 1665 389 1710 contre
399 1666 522 1722 steterit,
535 1667 563 1711 et
574 1661 662 1711 obniti
673 1661 768 1711 volue-

35 1730 183 1796 repeiictnr.
214 1726 256 1779 15.
267 1727 399 1781 Athletae
410 1737 540 1796 quantum
554 1730 698 1797 pinguium
711 1745 769 1793 ore,

35 1806 100 1850 ntum
110 1805 171 1851 toto
179 1812 297 1864 corpore
304 1798 458 1866 excipiunt!
472 1798 576 1852 Ferunt
587 1806 679 1852 temen
686 1815 768 1854 omne

35 1875 134 1920 uentum
146 1867 254 1936 gloriae
266 1868 430 1934 cupiditate:
453 1885 504 1920 nec
516 1876 622 1920 tantum
635 1869 699 1936 quia
716 1885 767 1936 pu·

35 1945 62 1999 nt,
81 1939 138 1988 ieta
149 1937 301 2004 patiuntur,
323 1937 372 1990 sed
385 1945 415 1987 ut
427 1946 556 2004 pugnent.
595 1937 769 1990 Exercitatio

44 2014 206 2059 tormentum
219 2013 270 2058 eet.
307 2006 365 2058 Nor
375 2022 484 2073 quoque
496 2007 654 2058 evincamus
667 2009 768 2063 omnin,

36 2091 80 2127 mm
92 2077 246 2143 praemium
260 2090 314 2126 non
326 2089 443 2136 corone,
466 2091 516 2126 nec
532 2076 626 2141 palma
642 2082 698 2135 eet,
720 2091 771 2127 nec

36 2161 77 2198 oen
93 2144 295 2213 praedicationi
316 2144 435 2195 nominis
456 2147 545 2195 nostri
565 2144 707 2195 silentium
731 2144 771 2195 ia·

36 2230 56 2265 r:
75 2215 125 2268 ted
135 2219 239 2277 virtue,
258 2220 286 2267 et
297 2213 416 2265 firmitas
428 2214 528 2274 animi,
550 2223 578 2264 et
589 2229 644 2279 pax
656 2213 684 2264 in
696 2222 769 2266 eete-

47 2292 137 2351 perto‚
157 2284 182 2335 ei
198 2283 285 2336 eemel
302 2284 330 2334 in
346 2284 439 2351 aliquo
456 2286 607 2336 certamine
629 2284 771 2336 debellata

37 2370 78 2406 ma
88 2361 181 2408 eet.-
196 2352 395 2417 ld.„DoIorem
407 2368 518 2421 gravem
529 2353 655 2406 eenti0!“
667 2353 769 2417 Quidni

37 2427 80 2488 uu,
91 2425 116 2475 ei
127 2423 208 2474 iilum
221 2422 394 2475 muliebriter
405 2423 519 2476 tulerisi
529 2424 770 2487 Quemadmodum

37 2494 152 2546 icioeior
161 2498 204 2544 eet
214 2491 305 2543 hostie
316 2492 503 2561 fugientibus,
523 2495 565 2546 eie
574 2509 656 2546 omne
668 2493 769 2544 fortui-

39 2562 243 2616 incommodum
256 2563 346 2630 magis
357 2564 444 2614 inetut
457 2564 566 2616 cedenti
578 2571 607 2616 et
617 2577 724 2614 everen.
737 2590 768 2600 ·-

37 2635 39 2685 i
51 2648 139 2704 gnare
150 2636 220 2684 eet.“
253 2631 345 2692 Quint
357 2648 407 2684 noe
419 2633 454 2684 ed
465 2631 518 2684 hoc
530 2632 617 2684 fortes
626 2646 729 2691 eumue,
740 2638 772 2681 ut

38 2701 212 2771 ‚portemuei
228 2700 325 2752 Utrum
335 2704 377 2753 rie
388 2703 500 2771 longum
512 2716 574 2753 eree
587 2701 723 2762 morbum,
736 2717 770 2751 en

38 2777 138 2825 itntum
150 2778 179 2823 et
189 2770 319 2823 brevem!
340 2771 370 2824 Si
380 2770 480 2840 longus
492 2776 544 2831 eet,
561 2767 645 2820 hebet
655 2770 773 2821 interce-

38 2840 162 2902 nem‚dat
174 2839 325 2893 refectioni
336 2840 442 2891 iocum:
453 2839 570 2890 multum
584 2841 718 2906 temporie
726 2838 772 2888 do·

57 2911 182 2963 Necesse
196 2919 240 2962 eet
250 2917 282 2962 ut
293 2918 436 2979 exsurgat,
449 2915 479 2964 et
490 2907 614 2964 desinet.
647 2911 679 2963 i't
690 2948 697 2962 .
707 2908 786 2962 ure-

38 2978 132 3027 vortue
150 2993 184 3028 ec
197 2994 338 3049 praeceps
353 2982 539 3040 alterutrum
555 2984 662 3041 ieeiett
684 2988 741 3034 eut
755 2992 805 3032 ex·

40 3048 117 3099 etur,
139 3051 191 3094 out
210 3051 396 3124 exstinguet.
438 3060 524 3128 Quid
549 3070 656 3118 eutem
677 3055 830 3113 'intereos

39 3120 94 3220 '²22'
104 3116 246 3239 hiddi-⁸¹15:
264 3122 299 3177 ,η
312 3134 453 3205 ΜΓΟἿΠΘ
467 3137 542 3195 inte
557 3133 693 3270 dgiendi
707 3136 770 3185 eet.
796 3120 842 3172 bb·
