1942 3420
147 575 201 628 210
441 571 661 626 SENECAE

72 687 74 691 ’
146 698 237 746 sceret
249 692 352 762 aliquid
365 699 429 760 post
444 694 544 745 omnis.
578 695 672 745 Tecto
682 699 723 744 est
735 692 862 746 coccitss
870 706 935 745 orer

146 765 228 827 tium,
248 771 276 815 et
296 770 376 815 tants
392 763 536 814 initiorum
551 777 663 814 suorum
680 765 843 831 unicuique,
862 777 935 832 quum

147 836 291 901 processit,
303 834 417 885 oblivio.
446 835 471 885 9.
486 833 536 884 iiic
546 833 628 882 modo
641 833 769 900 ignobilis
781 834 878 900 anguli
889 847 937 884 ooo

146 904 206 955 sine
225 907 417 955 controversis
435 903 572 962 dominus,
594 901 628 952 de
643 910 724 953 teuto
741 904 794 953 iine
807 910 937 953 terrarum

146 988 285 1040 persuum
297 973 438 1026 rediturus
449 972 541 1023 orbern
554 972 642 1022 tristis
654 980 705 1022 cst.
745 972 887 1024 Neminem
898 985 938 1038 ps·

147 1044 228 1095 cuuis
239 1043 351 1095 divitem
364 1042 443 1093 iecit:
455 1048 538 1093 immo
549 1050 653 1102 contro,
664 1041 733 1093 ouili
744 1056 801 1091 non
811 1041 937 1091 maiorem

146 1114 189 1165 sui
201 1111 378 1180 cupiditatem
390 1112 517 1162 incussit.
544 1112 668 1173 Quaeris,
680 1126 753 1178 quoe
765 1111 803 1162 sit
813 1110 891 1161 iurius
902 1109 937 1161 rei

147 1183 260 1236 cuussui
280 1181 346 1233 Pius
360 1183 459 1248 incipit
475 1180 577 1232 habere
594 1196 689 1247 posse,
709 1181 757 1248 qui
774 1181 836 1247 pius
852 1179 937 1231 habet.

149 1255 189 1304 lu.
207 1251 248 1304 ,id
265 1253 412 1312 summam,
435 1265 515 1317 quem
534 1251 609 1302 voles
626 1249 692 1300 mihi
705 1266 739 1302 ex
751 1249 808 1311 iris,
827 1264 938 1318 quorun

147 1321 259 1373 nomine
270 1334 330 1371 eum
342 1321 443 1371 crosso
456 1319 618 1387 licinioque
628 1327 824 1382 numeruntur,
843 1322 870 1370 in
886 1334 936 1370 ore·

147 1390 220 1443 diuus
235 1389 303 1441 iicet
320 1388 478 1456 protrahas:
500 1389 601 1442 efferet
618 1405 743 1451 censum,
765 1398 794 1441 ct
810 1387 936 1456 quidquid

146 1459 238 1520 habet,
258 1465 288 1510 et
299 1457 431 1526 quidquid
442 1465 546 1526 speret,
567 1459 649 1510 simul
660 1465 818 1526 computet:
838 1459 900 1519 iste,
917 1458 937 1507 si

147 1527 212 1580 mihi
223 1527 323 1591 eredis,
335 1544 439 1596 pauper
449 1537 505 1594 est;
526 1532 548 1580 si
560 1529 621 1591 tibi,
633 1536 727 1596 potest
738 1543 809 1580 esse·
845 1530 880 1581 st
890 1526 937 1589 hic.

147 1600 235 1668 quise
246 1598 281 1650 ad
292 1599 321 1650 id
332 1598 404 1667 quod
417 1607 516 1650 nature
526 1600 626 1667 exigit,
637 1600 807 1666 composuit,
818 1613 873 1650 non
883 1604 937 1648 tuo·

146 1677 204 1721 turo
217 1676 295 1721 extre
306 1682 416 1720 seucum
428 1676 471 1719 cst
480 1667 667 1734 paupertatis,
677 1667 726 1722 scd
739 1675 823 1720 extre
835 1675 938 1719 metum.

149 1737 188 1791 li.
212 1737 265 1790 Sed
277 1746 308 1790 ut
319 1741 402 1802 scies,
420 1753 500 1806 quum
514 1737 626 1790 difficile
638 1741 673 1788 sit
685 1754 729 1790 res
740 1752 807 1788 suus
821 1738 858 1789 ed
869 1743 939 1788 notu·

146 1808 233 1860 rsiom
250 1807 360 1859 modum
377 1813 531 1868 coarctare,
552 1807 599 1859 hic
613 1808 673 1874 ipse
688 1823 770 1875 quem
783 1807 940 1861 circunscr-

146 1891 204 1927 rsro
217 1877 345 1939 diximus,
351 1891 430 1942 quem
443 1885 471 1927 tu
482 1891 566 1927 voces
577 1876 829 1945 paupereor,habet
840 1874 939 1946 uiiquid

146 1952 175 1999 ct
184 1946 356 2012 supervacui.
393 1946 427 1997 st
438 1953 588 1997 excaecent
597 1948 739 2014 populum,
755 1955 785 1998 ct
795 1948 825 1998 in
836 1963 868 2001 se
880 1962 938 1999 con·

146 2021 256 2068 vertunt
272 2030 354 2082 opes,
376 2014 399 2066 si
414 2016 553 2067 numerati
567 2015 683 2068 muitum
700 2030 734 2068 ex
751 2017 849 2084 ulique
864 2017 940 2068 domo

146 2085 275 2149 effertur,
297 2087 321 2136 si
336 2085 452 2136 muitum
465 2085 525 2136 ouri
536 2092 612 2137 teoto
622 2101 730 2153 quoque
742 2089 803 2138 eius
817 2087 941 2147 inicitur,

146 2155 169 2207 si
183 2153 288 2208 iumiiiu
300 2162 348 2207 out
360 2155 520 2222 corporibus
531 2155 684 2219 electuuut
695 2156 940 2221 spectabiliscuitu

146 2231 197 2277 est.
235 2226 274 2277 12.
293 2225 420 2278 Omnium
433 2224 548 2277 istorum
561 2224 719 2277 relicimur
732 2227 876 2293 publicum
887 2239 941 2292 sps·

146 2301 217 2347 etot:
239 2295 287 2347 iiie
304 2308 384 2364 quern
399 2309 452 2346 oos
468 2300 496 2348 ct
511 2295 614 2362 populo
631 2302 659 2348 et
669 2293 802 2348 fortunae
814 2295 942 2348 subduxi·

146 2378 216 2426 mus,
233 2364 331 2416 beatus
342 2367 492 2416 introrsum
503 2371 553 2416 est
589 2364 658 2418 Num
670 2366 743 2432 quod
756 2365 790 2416 ud
804 2366 873 2417 iilos
884 2378 939 2433 per-

146 2433 625 2502 tinet,upudquosfuisodivitiarum
637 2448 736 2486 nomen
751 2437 858 2486 invasit
867 2449 942 2486 occu·

146 2508 211 2570 putu
221 2511 380 2570 paupertas:
391 2504 432 2555 sic
443 2503 555 2556 dicitius
566 2502 676 2565 habent,
689 2505 832 2570 quomodo
843 2505 941 2556 hebere

146 2574 261 2624 dicimur
272 2572 388 2636 febrem,
404 2588 485 2641 quum
496 2573 547 2624 iiis
558 2589 607 2625 nos
616 2571 728 2626 habeut.
751 2571 752 2575 ’
767 2577 790 2627 E
803 2573 940 2626 contrario

146 2641 238 2695 dicere
253 2644 386 2696 solemus:
406 2643 504 2694 Febris
517 2643 596 2694 iilum
613 2649 699 2695 tenet.
736 2643 847 2696 Eodem
863 2642 941 2696 ruodo

146 2712 291 2765 dicendum
303 2721 358 2765 est:
372 2712 491 2764 Divitiae
502 2712 579 2764 iilum
593 2719 699 2764 tenent.
737 2711 778 2765 13.
789 2714 870 2767 Nihil
880 2727 940 2780 ergo

147 2783 286 2835 monuisse
296 2790 323 2835 te
335 2781 442 2845 melios,
461 2796 542 2850 quom
555 2781 616 2840 hoc.
635 2783 708 2850 quod
722 2799 807 2848 nemo
818 2790 941 2836 monetur

146 2855 228 2904 setis=
251 2861 283 2905 ut
293 2853 386 2904 omnic
396 2852 567 2904 naturalibus
579 2851 725 2904 desideriis
738 2854 874 2917 metiaris,
887 2852 939 2920 qui·

146 2922 198 2974 bus
208 2929 257 2973 eut
266 2924 355 2990 gratis
366 2923 434 2973 sutis
446 2923 502 2983 iiut,
515 2928 563 2973 aot
573 2936 668 2988 perro.
692 2923 816 2974 Tantum
829 2925 939 2975 miscere

145 2990 212 3042 vitiu
228 2991 374 3043 desideriis
389 2991 456 3043 noli.
492 2992 624 3054 Quaeris,
645 2991 722 3059 quali
740 3008 850 3056 mense,
870 2989 940 3060 qusli

140 3071 271 3136 urgento,
283 3078 366 3136 quero
394 3062 488 3116 uritur
496 3061 667 3123 sciuistcriis,
676 3068 704 3114 ct
715 3061 834 3127 levibus,
845 3061 937 3115 effers·

136 3143 189 3192 tur
200 3137 302 3195 cibus}
323 3077 408 3195 Nudi
417 3142 534 3209 practer
545 3132 639 3185 diuum
646 3139 750 3182 ustura
756 3133 901 3184 dedomo
