1838 3456
34 139 88 192 210
323 135 547 189 SENECAE

36 265 117 311 extra
138 256 241 306 omnia.
280 255 387 323 Effugit
408 256 571 317 avaritiam3
592 257 642 307 scd
664 259 736 308 iram
752 254 818 308 adiro
833 310 842 323 Ν,

35 329 133 380 sentit:
163 325 218 376 iarn
245 338 300 374 non
325 325 497 375 sollicitatur
521 324 651 377 libidine:
685 326 735 377 scd
757 324 842 377 babet

36 399 194 448 etiamnunc
215 394 409 445 ambitionem:
429 394 485 443 iam
502 409 557 444 non
573 395 762 461 concupiscit;
791 395 842 461 scdss

36 464 126 518 adbuc
139 464 229 515 timet.
267 463 304 512 Et
314 462 340 512 in
352 463 414 530 ipso
426 473 500 514 metu
517 465 551 513 ad
565 465 703 530 quaedam
717 465 785 514 satis
797 464 840 539 iirp¹
913 501 919 536 Ι

35 549 96 587 mus
109 540 161 597 est,
172 532 334 600 quibusdam
348 531 432 583 cedit:
453 537 571 582 mortem
585 535 752 595 contemnit,
763 534 840 584 doto
913 569 919 606 Ι

36 599 852 670 remreiormidat12.Debociocoaiiquidcogitemustbe·3'?
912 637 919 674 Ι

35 692 69 726 no
81 674 221 724 nobiscum
232 676 340 737 agetur,
352 671 412 720 siin
424 667 495 721 hunc
505 670 834 723 admittimurnumerum.
850 666 852 697 ³
903 706 919 742 Α

36 745 139 810 Magna
149 740 286 792 felicitate
296 745 421 801 naturae,
432 753 586 807 magnaque
593 740 744 791 crassidun
753 745 833 790 inten-

37 815 115 864 tione
125 809 223 868 studii,
233 808 372 859 secundus
382 814 535 875 occupatur
545 810 663 875 gradus:
675 810 727 861 sed
739 810 835 860 necitis
847 807 850 810 ’

38 878 149 950 quidem
173 878 389 929 contemnendus
411 884 455 928 ost
475 876 554 928 coior
575 880 687 929 tertius.
738 880 849 944 Cogita-¹
906 892 919 899 ”

38 956 171 1018 quantum
193 947 268 997 circa
284 954 311 996 te
326 945 423 997 videas
435 946 585 997 malorum:
607 947 739 1013 adspice,
761 961 833 1015 quam

37 1018 143 1070 notium
156 1017 193 1067 sit
205 1013 283 1067 nefas
294 1014 353 1066 sine
365 1015 503 1081 exempto,
514 1021 649 1082 quantuni
663 1018 787 1082 quotidie
797 1031 834 1066 ne·
845 1030 851 1083 ,j

39 1089 128 1157 quitis
150 1085 285 1152 proficiat,
307 1092 440 1153 quantum
461 1084 570 1150 publice
581 1085 768 1153 privatimque
779 1099 832 1152 pec·
843 1108 852 1146 ς

38 1166 131 1210 cetur:
142 1155 283 1222 intelliges
294 1154 364 1205 satis
376 1167 427 1204 nos
439 1156 583 1220 consequi,
594 1155 834 1221 siinterpessimos

39 1243 94 1279 non
106 1240 209 1277 snmus.
230 1221 273 1274 1³.
283 1224 361 1290 „Ego
374 1227 467 1282 vero,“
478 1222 581 1290 inquis,
592 1239 695 1290 „spero
709 1240 752 1276 me
764 1237 833 1290 posse

41 1303 69 1348 ct
89 1294 235 1359 amplioris
256 1292 362 1342 ordinis
385 1293 473 1343 fieri.“
510 1292 675 1358 Optaverim
698 1292 750 1344 boc
766 1292 851 1343 nobis·

39 1366 138 1431 magis,
150 1376 231 1429 quam
243 1361 426 1426 promiserim.
464 1358 666 1428 Proeoccupati
678 1379 785 1414 sumus:
805 1358 832 1412 nd

40 1433 172 1485 virtutem
186 1429 385 1492 contendimus,
397 1432 472 1481 inter
481 1430 551 1481 sitia
562 1431 698 1482 districti:
709 1429 833 1500 pudctdi·
911 1448 914 1451 ’

40 1516 118 1563 cere,
139 1498 257 1551 honesta
276 1499 403 1560 colimus,
424 1505 556 1567 quantum
578 1507 671 1552 vacat.
709 1504 746 1554 At
764 1513 834 1568 quan

40 1569 147 1641 grando
156 1570 306 1638 praemium
319 1583 369 1619 nos
381 1575 535 1636 exspectat,
546 1569 571 1620 si
583 1572 784 1638 occupationes
794 1584 834 1619 no·
854 1622 857 1631 ,
900 1568 915 1609 f

41 1651 123 1703 stras,
134 1647 162 1692 ot
174 1640 248 1691 maia
257 1639 440 1702 tenacissima,
450 1639 656 1706 abrumpimus!
667 1641 729 1693 Non
741 1637 836 1708 cupidi·

41 1720 85 1765 tas
100 1726 159 1772 nos,
180 1725 233 1761 non
246 1709 443 1775 timorpeiiett
462 1709 595 1775 inagitati
619 1711 784 1771 terroribus,
802 1708 836 1757 in·
863 1751 872 1770 „

41 1779 165 1848 corrupti
178 1778 378 1846 voluptatibus,
395 1793 447 1830 nec
459 1786 576 1829 mortem
588 1776 780 1838 horrebimus,
794 1790 837 1828 nec
866 1835 867 1838 Ἴ

43 1852 123 1903 deos=
140 1851 259 1899 sciemus
271 1855 388 1899 mortem
400 1847 502 1898 malum
514 1861 570 1898 non
581 1862 654 1910 csse,
676 1849 745 1901 deos
756 1846 837 1897 maios
860 1849 866 1895 ζ

42 1934 98 1971 non
112 1932 181 1969 esse.
193 1916 235 1967 14.
243 1918 314 1967 Tam
327 1917 495 1969 imbecillum
509 1923 559 1981 est,
572 1916 648 1984 quod
659 1925 753 1980 nocet,
765 1930 838 1984 quam
863 1952 865 1975 2

42 1988 87 2040 cui
110 1991 240 2036 nocetur:
260 1987 367 2050 optima
385 1987 413 2036 vi
431 1986 515 2037 noxia
530 1993 636 2038 carent.
674 1989 839 2054 Exspectant

43 2072 102 2118 nos,
119 2057 141 2105 si
158 2069 192 2105 ex
205 2051 257 2103 hac
270 2054 418 2121 aliquando
431 2053 510 2107 faece
521 2057 550 2107 in
560 2055 632 2107 iilud
644 2056 789 2108 evadimus
800 2069 840 2105 su·

42 2127 127 2179 biime
139 2131 167 2176 et
179 2122 334 2187 excelsum,
354 2124 544 2190 tranquillitas
560 2125 661 2187 animi,
683 2132 711 2177 et
722 2124 842 2193 expulsis

43 2196 182 2251 erroribus
194 2193 325 2245 absoluta
336 2193 460 2245 iibortas.
497 2195 624 2256 Quaeris,
640 2196 763 2262 quaesit
776 2192 843 2246 ista!
853 2227 862 2271 ᾖ,

42 2266 103 2319 Non
117 2263 241 2316 homines
252 2262 360 2324 timere,
373 2277 427 2312 non
437 2262 517 2314 deos:
538 2279 589 2315 nec
599 2265 785 2330 turpiorem,
798 2277 847 2316 neo

43 2337 140 2387 nimis:
153 2337 180 2384 in
211 2334 331 2399 seipsum
362 2330 463 2384 habers
492 2332 641 2385 maximam
670 2336 846 2400 potestatem*

42 2402 251 2456 inaestimabile
262 2403 364 2454 bonum
377 2407 428 2464 est,
440 2416 520 2453 suum
531 2402 602 2453 fleri.
852 2412 853 2417 ’

231 2538 475 2594 uersuum
514 2538 658 2592 Lxxvr.

28 2643 212 2704 l'bs‘loropbum
231 2660 255 2694 ss
271 2645 368 2698 audire,
388 2651 410 2691 ct
428 2643 534 2691 sobolcm
551 2644 624 2688 odire.
652 2643 810 2698 Conqueritur

50 2701 184 2751 horminum
203 2707 308 2756 {neusin
325 2708 365 2754 usi
376 2702 497 2764 ignavia,
548 2699 617 2746 ialin
629 2700 737 2746 distant,
753 2697 814 2755 picit

85 2784 98 2814 ’,
108 2762 293 2831 (festigium.
328 2768 368 2816 Νι
381 2772 412 2813 tss
422 2765 494 2812 sino
526 2756 604 2807 mitt:
621 2766 735 2811 propero,
751 2752 800 2794 sib
819 2824 822 2830 1
