1912 3534
269 729 304 783 12
560 727 781 781 SENECAE

268 846 421 899 homicidia
432 854 510 898 sunt:
521 846 588 899 nihil
601 848 703 900 habent
713 863 768 917 quo
780 853 924 915 tegantur,

268 919 336 968 totis
352 918 515 983 corporibus
529 919 663 983 expositi:
680 932 816 984 nunquam
833 914 926 966 frustm

269 990 391 1037 mittunt.
431 986 491 1036 iioc
504 987 629 1052 plerique
640 986 791 1037 ordinariis
803 985 915 1051 paribus

269 1055 370 1106 latitiis
386 1055 556 1121 praeferunt.
593 1056 695 1118 Quidni
711 1055 884 1121 praeferant!
907 1070 924 1103 n

268 1140 322 1174 nou
336 1133 414 1174 scuto
426 1125 573 1192 repellitur
583 1124 697 1176 ferrum.
734 1124 794 1184 Quo
808 1124 926 1174 munime

268 1191 356 1261 gladii
367 1193 460 1244 artesi
496 1194 596 1244 Omnia
609 1194 769 1244 istamortis
781 1206 875 1243 morae
887 1209 926 1243 sut

270 1263 399 1315 leonibus
411 1270 440 1315 ct
450 1262 662 1323 ursishomines,
675 1263 789 1314 nreridie
801 1268 926 1327 spectato

270 1334 449 1384 obiiciuntur.
486 1333 512 1382 4.
530 1331 728 1383 interfectores
739 1331 926 1383 interfecturis

270 1402 368 1461 obiici,
381 1410 409 1452 et
419 1403 552 1451 victorem
571 1402 599 1451 in
616 1401 699 1451 oliam
716 1400 844 1451 detinent
861 1399 926 1450 caed

272 1479 315 1522 tus
332 1472 512 1538 pugnantium
529 1479 669 1522 moreest:
684 1470 759 1522 ferro
775 1477 803 1521 et
818 1470 883 1536 igne
894 1484 923 1520 re

271 1542 349 1590 Haec
365 1540 446 1600 flunt,
463 1537 528 1588 dum
544 1547 778 1591 1111111111.-
815 1527 926 1589 Sed‘im

271 1609 339 1660 iecit
355 1608 464 1672 aliquis.
501 1607 572 1670 Quid
590 1608 675 1676 ergo!
696 1609 812 1669 meruit,
828 1615 859 1657 ut
876 1622 926 1656 sus*

272 1677 382 1730 Occidit
392 1676 544 1728 hominem:
566 1679 612 1743 qui
624 1677 733 1736 occidit,
744 1677 794 1729 iiie
802 1677 903 1727 meruit
913 1692 926 1725 u

272 1757 392 1802 teretur:
410 1755 439 1797 tu
453 1747 518 1813 quid
532 1748 674 1806 meruisti,
690 1749 785 1807 miser,
798 1753 829 1795 ut
840 1745 892 1796 hoc
903 1759 926 1811 s1

272 1818 392 1877 Occide,
402 1831 465 1877 ure,
476 1817 602 1867 verbera!
638 1819 730 1879 Quare
741 1822 799 1866 tam
810 1815 907 1866 timide
917 1817 924 1863 i

273 1886 397 1939 ferrum!
417 1900 503 1951 quare
519 1900 615 1950 parum
633 1883 767 1936 audacter
784 1882 904 1936 occiditi
925 1906 926 1924 1

272 1971 333 2005 rum
350 1955 471 2005 libenter
481 1952 617 2004 morituri
652 1953 679 2005 5.
698 1953 792 2019 Plagis
805 1960 926 2022 aguntur

273 2039 317 2084 ro,
335 2033 363 2074 et
379 2031 489 2074 mutuos
506 2024 579 2073 ictus
594 2023 675 2073 nudis
685 2030 712 2074 et
724 2023 817 2073 obviis
827 2029 926 2089 pectori

274 2093 361 2159 piunt.
398 2093 588 2144 intermistum
610 2099 654 2143 est
674 2092 878 2159 spectaculumt
901 2093 926 2142 in

273 2162 405 2229 gulontur
426 2162 564 2221 homines,
586 2176 620 2211 ne
642 2160 709 2212 nihii
731 2170 839 2230 agatur.
876 2164 926 2228 dgr

273 2232 382 2299 quidem
399 2232 573 2299 intelligitis,
592 2231 665 2281 ninia
676 2234 803 2298 exempla
813 2235 840 2283 in
853 2246 902 2284 eos
917 2247 926 2281 1

271 2303 318 2368 qui
331 2301 456 2353 iaciunt?
493 2304 573 2367 Agite
587 2301 640 2351 diis
649 2302 854 2353 immortalibus
866 2307 926 2368 grat

273 2386 334 2422 eum
351 2370 457 2423 docetis
475 2386 536 2423 esse
547 2370 703 2432 crudelem,
722 2373 834 2439 quinon
850 2378 926 2436 potes

272 2439 472 2491 Subducendus
493 2441 596 2506 populo
617 2447 659 2492 est
680 2448 759 2493 tener
779 2441 902 2499 animus,

271 2516 355 2559 tenax
367 2509 448 2558 recti:
460 2508 542 2560 iaciie
551 2510 689 2560 transitur
699 2511 734 2561 ad
747 2510 848 2576 piures.
886 2509 922 2561 So

271 2577 344 2634 toni,
374 2583 402 2628 et
422 2576 520 2629 Iiaolio
543 2584 677 2629 excutere
698 2589 816 2631 mentem
838 2594 917 2630 suam

271 2646 422 2696 multitudo
434 2648 585 2711 potuisset:
602 2647 672 2698 adeo
681 2663 761 2700 nemo
772 2656 913 2710 nostrum,

271 2717 391 2766 maxime
409 2716 605 2767 concinnamus
620 2717 776 2784 ingenium,
793 2717 867 2770 ferre
882 2719 926 2784 inu

270 2785 372 2835 tiorum
389 2791 446 2835 tom
462 2800 562 2852 magno
579 2788 712 2837 comitatu
728 2788 896 2840 venientium
910 2802 925 2853 p

271 2853 358 2904 Unum
372 2856 528 2919 exenspium
542 2855 731 2916 autiuxuriae,
743 2864 792 2907 aut
800 2858 926 2909 avaritias

271 2924 337 2973 nroii
354 2923 437 2975 iacit:
455 2928 598 2975 convictor
614 2925 748 2976 delicatus
764 2928 900 2992 paulatim
916 2941 926 2977 e

270 2992 391 3043 emoliit:
408 2993 515 3043 vicinus
527 2993 606 3045 dives
615 2995 794 3061 cupiditatem
807 2997 915 3047 irritat:

271 3073 363 3111 comes
381 3062 506 3127 quamvis
521 3061 639 3113 candido
651 3071 679 3114 et
689 3065 926 3132 simplieirubigir

264 3128 406 3178 affricuit:
429 3131 494 3196 quid
516 3137 546 3182 tu
569 3132 696 3185 accidere
718 3135 759 3185 his
780 3135 927 3186 moribus«

240 3208 323 3269 ¹qnos
336 3196 456 3261 publice
476 3200 571 3254 factus
590 3211 633 3256 est
652 3204 791 3273 impetunt
825 3205 926 3258 uoces

228 3264 376 3323 mucro,
396 3278 451 3320 out
465 3271 578 3327 oderis.
618 3275 786 3345 Utrumque
796 3283 893 3330 autem
910 3271 926 3320 11
