1964 3434
285 518 572 574 ErisToLnri.
607 521 650 574 92.
823 522 856 574 77

61 637 126 692 dem
136 637 212 703 rite,
233 653 303 707 quae
314 655 348 693 ex
358 641 462 692 virtute
473 649 525 693 est.
560 638 655 691 Virtus
667 640 739 692 enim
750 646 858 693 tantum

61 706 165 761 bonurn
178 718 229 771 est,
240 717 272 761 ut
282 711 352 762 istas
364 714 536 762 accessiones
549 710 669 761 minutas
681 726 734 762 non
746 713 859 773 sentiat,

61 779 228 831 brevitatem
240 780 314 841 aevi,
327 786 356 831 et
367 779 508 841 dolorem,
519 785 546 830 et
559 793 703 844 corporum
716 781 806 832 varias
818 780 859 832 oi·

61 847 211 902 sessiones.
240 849 310 900 Nam
323 847 450 916 voluptas
461 864 514 901 oon
525 855 569 900 est
578 848 671 916 digna,
682 848 716 899 ad
728 864 806 914 quaro
818 865 860 902 re·

61 918 171 983 spiciat.
207 915 250 970 23.
269 919 341 981 Quid
353 908 396 970 e'st
407 920 435 970 in
445 920 549 971 virtute
559 917 754 986 praecipuum!
764 916 859 970 loturo

60 1001 115 1037 non
126 986 265 1055 indigere,
284 1002 334 1039 nec
344 988 403 1040 dies
414 1002 480 1040 suns
492 996 662 1055 computare,
683 988 711 1037 in
722 987 861 1053 quantuli·

60 1055 109 1107 bet
119 1064 247 1123 senipore
257 1064 372 1113 aeterna
382 1073 583 1110 consummare.
619 1056 798 1109 incredibilia
812 1071 862 1108 no·

61 1126 103 1178 bis
119 1124 191 1177 haec
205 1125 350 1189 videntur,
369 1134 399 1179 et
414 1143 500 1195 supra
515 1126 662 1178 humanam
673 1134 801 1177 naturam
812 1141 860 1178 ex·

61 1197 219 1257 currentia;
229 1194 401 1249 maiestatem
414 1199 487 1249 enim
498 1201 557 1250 eius
568 1213 602 1249 ex
614 1196 861 1248 nostraimbecilli·

5 1316 9 1324 ,
59 1273 119 1317 tate
129 1264 275 1326 metimur,
296 1275 325 1318 et
336 1268 411 1317 vitiis
424 1268 526 1318 nostris
538 1282 637 1319 nonren
649 1267 763 1317 virtutis
773 1267 860 1332 impo-

60 1337 162 1385 nimus.
199 1334 272 1396 Quin
284 1349 382 1400 porro,
405 1352 459 1387 nnn
470 1352 556 1403 aeque
566 1335 730 1402 incredibile
743 1335 862 1396 ridetur,

1 1421 2 1435 ¹
61 1404 185 1471 aliquem
196 1403 224 1453 in
233 1407 348 1457 sommis
360 1406 529 1458 cruciatibus
540 1409 658 1472 positum
671 1405 778 1467 dicere,
789 1406 860 1457 Bea-

61 1481 107 1525 tus
124 1472 204 1524 sumi
224 1477 305 1539 Atqui
321 1474 388 1525 baec
402 1489 455 1525 vox
469 1476 498 1525 in
515 1477 577 1540 ipsa
588 1475 698 1525 officina
709 1474 862 1540 voluptatis

61 1553 104 1595 est
115 1543 222 1595 audita.
259 1543 302 1595 24.
320 1545 529 1604 Beatissimum,
548 1546 651 1609 inquit,
676 1542 861 1594 buncetnlti·

60 1628 137 1663 mum
156 1611 229 1664 diem
248 1627 315 1679 ago,
334 1613 485 1680 Epicurus:
504 1628 585 1679 quum
598 1612 678 1664 iilum
690 1611 753 1663 hinc
764 1611 862 1666 urinae

61 1681 213 1734 difficultas
226 1690 383 1748 torqueret,
396 1682 460 1735 binc
469 1683 634 1735 insanabilis
645 1684 798 1735 exulcerati
811 1682 861 1735 do·

59 1751 105 1802 lor
120 1754 235 1803 ventris.
273 1754 365 1814 Quare
381 1768 447 1820 crgo
464 1753 638 1804 incredibilia
647 1760 712 1803 sunt
724 1753 779 1804 ista
788 1752 863 1820 nputl

60 1837 118 1884 eos,
129 1837 178 1888 qur
190 1822 320 1874 virtutem
332 1823 440 1875 colunt:
457 1838 538 1889 quum
552 1824 624 1890 apud
636 1837 684 1874 eos
696 1837 806 1891 quoque
816 1838 861 1875 re·

60 1892 220 1959 periantor,
242 1892 316 1958 apud
327 1908 396 1960 quos
407 1894 537 1961 voluptas
547 1893 682 1960 imperati
701 1893 738 1943 iii
751 1908 863 1961 quoque

60 1962 217 2029 degeneres
227 1969 256 2012 et
267 1960 439 2015 humillimae
451 1965 549 2014 mentis
561 1965 682 2024 aiunt,in
694 1963 864 2015 summisdo·

59 2032 184 2091 loribus,
193 2032 221 2082 in
231 2033 344 2083 summis
355 2032 574 2094 calamitatibus,
585 2033 737 2098 sapientem
749 2048 799 2084 nec
810 2033 862 2082 mi·

61 2116 155 2152 serum
172 2099 308 2161 futurum,
327 2118 378 2154 nec
387 2102 510 2154 beatum.
547 2103 627 2168 Atqui
642 2100 693 2151 huc
705 2115 814 2166 quoque
823 2101 864 2151 in·

62 2169 201 2222 credibile
222 2177 277 2231 est,
295 2171 380 2223 immo
401 2169 599 2222 incredibilius.
635 2167 677 2220 25.
696 2171 757 2222 Non
780 2169 864 2221 video

63 2241 152 2301 enim,
174 2240 312 2305 quomodo
327 2256 381 2293 non
397 2243 425 2293 in
439 2240 561 2293 intimum
583 2245 697 2307 agatur,
717 2256 732 2291 e
748 2237 862 2304 lastigie

62 2325 113 2361 suo
134 2309 247 2362 deiecta
265 2311 361 2362 virtus.
401 2315 456 2364 dut
474 2311 586 2362 beatum
608 2316 749 2375 praestare
771 2309 863 2370 debet,

62 2389 124 2440 aut,
135 2381 159 2430 si
171 2380 205 2431 ab
213 2376 269 2443 ¹boe
279 2378 397 2446 depuisa
407 2388 463 2441 est,
479 2395 531 2431 non
544 2379 702 2446 prohibebit
710 2381 772 2433 lieri
782 2379 864 2431 mise·

63 2465 133 2502 rum.
173 2448 256 2502 Stans
267 2465 321 2500 nun
332 2458 425 2516 potest
435 2451 517 2501 vinci.
541 2452 595 2501 dot
605 2451 731 2501 vincatur
742 2456 862 2516 oportet,

63 2527 111 2572 aot
123 2520 225 2571 vincat.
261 2555 278 2582 „
284 2519 354 2581 Diis,
366 2519 466 2587 inquit,
476 2519 682 2571 immortalibus
693 2520 761 2571 solis
772 2527 799 2570 et
809 2520 863 2570 vir·

63 2600 108 2642 tus
132 2597 161 2643 et
176 2591 260 2642 beata
274 2591 334 2639 vita
350 2591 498 2656 contingit:
519 2590 598 2642 nobis
615 2591 712 2641 umbra
727 2586 863 2656 quaedam

62 2660 175 2712 iliorum
186 2662 322 2712 botrorum
334 2658 534 2710 etsimiiitudo.
570 2655 733 2711 decedimus
749 2656 783 2715 ad
800 2656 862 2717 ilia,

64 2731 363 2852 :iiiiiifitli‘i
380 2725 862 2854 iiiimxiiii{iiiiii

228 2837 234 2849 ·
708 2832 718 2857 s

64 2866 304 2921 consummabilis.
330 2867 373 2918 26.
384 2866 439 2919 Sed
452 2866 486 2917 ad
500 2865 722 2931 desperationem
734 2879 784 2916 nos
794 2863 863 2916 vitia

63 2949 162 2991 nostra
172 2936 338 3007 perducunt.
374 2936 444 2988 Nam
454 2936 504 2988 ille
514 2935 586 2986 alter
596 2934 746 2996 secundus,
768 2942 799 2986 ut
809 2936 860 2987 aii-

63 3009 125 3075 quis
141 3023 241 3076 parum
258 3011 386 3058 constans
403 3005 437 3058 ad
454 3004 636 3058 custodienda
646 3006 764 3071 optima,
783 3006 860 3058 cuins

62 3080 196 3134 indicium
208 3075 289 3130 labat
299 3077 456 3131 etiamnunc
467 3077 645 3132 ctiucertum
656 3075 875 3142 condemnem

942 3117 980 3343 l
