1942 3360
285 556 568 612 EPISTOLAE.
602 561 646 615 00.
826 562 861 618 59

63 694 140 731 sius:
152 691 205 730 uos
215 679 306 729 omnis
317 677 396 730 nobis
407 677 531 731 difficilis
540 678 663 734 lucilium
675 681 789 736 fastidio
798 683 863 736 leci·

12 769 22 802 κ
64 764 136 801 nius.
156 749 197 799 17.
210 749 299 800 'l‘ects
309 754 532 816 tegumentaque,
544 756 572 800 et
579 748 700 804 lomenti
707 769 863 820 corporum,

64 829 93 872 et
106 819 172 881 cibi,
183 818 615 884 etquocnonoingensnsgotlum
623 818 773 883 luctamur,
781 823 862 874 obuio

64 897 156 950 eraut,
178 894 206 938 et
226 888 359 954 grutuita,
378 895 406 938 et
421 902 505 953 opere
524 887 577 938 levi
598 891 744 955 parabilis:
766 893 862 943 modus

66 959 139 1009 enim
153 959 273 1008 omnium
286 963 367 1022 prout
376 956 534 1023 postulabat
546 960 704 1020 nucesnitus,
718 967 790 1010 crat:
813 977 863 1012 nos

65 1030 120 1079 iste
133 1027 265 1093 pretiose,
286 1041 335 1076 nos
352 1028 431 1088 orire,
454 1041 502 1077 nos
519 1028 624 1093 mugnis
639 1028 787 1095 multisque
798 1045 861 1079 con·

65 1097 203 1164 quirendu
213 1096 320 1146 ortibus
332 1093 455 1147 lecimus.
474 1094 581 1147 Sufficit
590 1096 625 1147 ed
636 1098 663 1148 id
674 1106 780 1159 saturn,
790 1097 863 1163 quod

67 1166 168 1234 poscit.
203 1166 225 1216 A
247 1173 346 1216 ustura
366 1164 478 1216 lusoris
497 1165 624 1216 desciuit:
649 1182 719 1233 quse
739 1168 863 1233 quotidie

65 1239 187 1302 seipsum
198 1234 307 1297 incitet,
327 1241 355 1286 et
367 1243 409 1285 tut
418 1236 518 1286 seculis
529 1234 637 1297 crescit,
654 1245 684 1289 et
695 1238 804 1304 ingenio
815 1236 863 1286 od-

64 1308 142 1356 inrst
154 1303 231 1353 vitiu.
269 1304 307 1355 le.
329 1304 422 1355 Primo
437 1318 607 1370 supervacue
619 1309 711 1372 coepit
732 1306 861 1372 concupi·

63 1389 153 1436 scere,
169 1373 234 1424 inde
244 1373 399 1434 contrarie,
410 1374 556 1425 novissime
567 1378 675 1442 corpori
687 1376 806 1427 animum
818 1375 862 1427 ud·

65 1445 146 1507 dixit,
162 1449 191 1496 ut
201 1442 277 1493 illius
289 1442 428 1494 deservire
440 1442 547 1493 libidini
557 1445 646 1496 iussit
682 1447 782 1497 Omnes
793 1447 862 1496 istae

64 1524 152 1576 entes,
172 1513 272 1580 quibus
283 1521 332 1563 eut
343 1515 480 1563 excitetur
491 1513 598 1576 civitas,
619 1521 668 1564 out
678 1516 787 1581 strepit,
806 1531 862 1566 cur-

63 1585 143 1652 poris
154 1585 293 1649 negotium
304 1592 417 1648 gerunt:
428 1582 473 1632 cul
485 1583 577 1633 omniu
587 1581 653 1633 olim
665 1592 792 1650 tanquam
804 1600 860 1635 ser·

63 1671 98 1703 ro
111 1653 333 1721 praestabuntur,
353 1666 425 1702 nunc
445 1657 572 1718 tunquam
595 1650 706 1702 dominu
723 1662 862 1718 ponuntur.

62 1726 164 1790 ltaque
176 1720 240 1772 binc
250 1729 404 1781 textorum,
424 1718 485 1770 binc
498 1720 637 1771 labrorum
654 1720 778 1774 ollicinec
791 1729 863 1784 sunt,

62 1792 130 1844 binc
142 1791 243 1842 odores
255 1793 441 1857 coquentium,
452 1789 515 1841 binc
527 1790 623 1841 molles
635 1792 761 1858 corporis
773 1801 863 1843 motus

64 1862 238 1919 docentium,
260 1860 413 1927 mollesque
424 1867 519 1912 centus
530 1868 558 1911 et
569 1860 712 1912 infractos.
752 1861 790 1914 19.
812 1862 863 1913 lle·

61 1933 150 1984 cessit
166 1931 237 1981 enim
252 1929 301 1980 ille
318 1929 450 1981 naturalis
464 1930 576 1991 modus,
597 1931 734 1982 desideria
749 1946 800 1998 ope
816 1947 862 1983 us·

63 2004 190 2055 cessario
201 1999 312 2050 liniens:
324 2005 378 2051 iem
391 1999 555 2050 rusticitatis
565 2008 593 2049 et
605 2001 732 2052 miseriae
745 2010 795 2062 cst,
805 2001 862 2052 ecl-

61 2073 90 2124 le
101 2075 236 2137 quantum
247 2075 292 2120 sat
303 2076 354 2121 est.
384 2068 548 2120 incredibile
559 2076 611 2130 est,
622 2070 659 2118 mi
671 2070 772 2125 Lucili.
782 2085 862 2136 quum

62 2141 149 2195 fseile
161 2142 245 2191 etiem
258 2151 373 2204 magnos
385 2139 457 2188 viros
469 2136 586 2188 dulcedo
598 2138 732 2189 orationis
743 2139 864 2190 obducet

63 2224 168 2263 suero.
205 2210 275 2259 Ecce
294 2207 465 2266 Posidonius,
485 2212 515 2256 ut
528 2221 588 2256 mea
601 2205 656 2257 fert
672 2208 772 2272 opinio,
792 2222 863 2258 unos

62 2273 784 2412 tll*'nulllus‘lllll⁰⁸llllzllllll⁰lz
797 2276 863 2396 ll?

447 2382 454 2406 ‚
852 2372 863 2384 .

61 2426 201 2488 queantur
213 2418 272 2478 lile,
294 2417 349 2467 alin
360 2429 394 2467 ex
405 2414 481 2465 molli
493 2414 639 2481 solutoque
650 2414 798 2467 ducentur:
820 2416 861 2466 20.

61 2488 167 2542 deinde
187 2485 418 2555 quemadmodum
443 2484 501 2536 tels
528 2486 669 2552 suspensis
694 2485 863 2553 ponderibus

61 2567 171 2612 rectum
185 2565 290 2609 stamen
306 2555 452 2615 extendat,
473 2555 702 2622 quemadmodum
715 2556 862 2606 subtemen

62 2632 213 2688 inscrtum,
244 2625 317 2692 quod
345 2623 475 2675 duritiem
499 2624 636 2692 utrimque
656 2623 862 2691 comprimentis

61 2709 171 2750 tremus
193 2695 346 2753 remolliat,
373 2685 471 2760 spicue
490 2694 566 2745 coire
588 2703 704 2762 cogetur
725 2701 753 2745 et
771 2692 863 2758 iungit

61 2769 180 2821 textrini
191 2781 300 2832 quoque
312 2771 399 2815 ortem
413 2778 429 2812 u
445 2763 618 2828 sapientibus
630 2764 700 2814 dixit
712 2764 862 2824 inuentum,

63 2837 167 2890 oblitus
179 2841 277 2902 postes
288 2839 426 2899 repertum
440 2830 491 2881 boc
501 2832 631 2883 subtilius
641 2847 736 2898 genus,
751 2833 777 2884 in
790 2845 844 2900 quo

101 2905 171 2959 Telo
181 2905 248 2973 iugo
257 2904 350 2955 iuncta
362 2910 410 2961 etl,
421 2910 521 2952 elumen
533 2901 647 2954 secernit
658 2902 769 2954 arundo.

98 2975 236 3030 luemus
247 2971 362 3024 medium
375 2969 462 3021 radiis
473 2969 606 3023 subtemen
616 2970 713 3033 ocutis,

101 3044 182 3109 Quoi
192 3047 250 3096 loto
253 3042 362 3114 feriunt
373 3039 468 3092 insecti
475 3040 582 3105 pectine
593 3040 690 3092 dentes.

63 3116 106 3170 21.
118 3114 196 3181 unio
205 3111 402 3180 sicontigisset
411 3109 456 3162 illi
465 3107 558 3163 videre
569 3111 618 3162 bes
629 3112 721 3165 nostri
727 3111 868 3178 temporis
