1838 3456
183 712 254 774 Quid
266 707 428 775 exspectent
443 706 520 759 Nulli
530 720 628 772 sapere
640 720 706 756 casu
718 706 829 772 obtigit.
868 704 919 757 Pe

183 784 273 834 veniet
285 780 370 840 uitro,
390 774 479 827 honor
490 775 633 835 offeretur,
648 777 742 841 gratia
752 789 786 825 ac
797 775 874 842 digni
894 797 897 815 ι
909 799 915 819 s

183 861 258 903 tome
271 850 433 917 ingerentur
444 845 508 896 tibi:
521 845 609 895 virtue
619 846 647 895 in
661 852 689 894 te
702 859 759 894 non
770 845 892 906 incidet,

183 922 209 971 ui
222 919 332 986 quidem
345 930 429 983 opere
445 921 588 980 autperto
605 913 703 965 labore
720 915 914 980 cognoscitur:

184 998 226 1041 eet
248 987 320 1040 tanti
337 985 480 1048 laborare,
502 983 595 1035 omnia
608 982 683 1033 bone
699 983 789 1035 eemel
807 999 913 1050 occupa

184 1059 207 1112 5.
231 1061 319 1110 Unum
335 1057 406 1108 enim
420 1055 587 1114 otthonum,
607 1051 680 1119 quod
696 1050 863 1105 boneetum:
884 1055 911 1104 in

185 1127 253 1179 nibil
270 1125 394 1178 invenie·
412 1123 486 1185 veri,
508 1120 578 1174 nihil
595 1124 680 1183 certi,
702 1136 886 1190 quaecunque
900 1123 918 1174 t:

185 1200 304 1264 placent.
341 1195 435 1255 Quare
455 1192 509 1243 hoc
522 1207 605 1243 unum
624 1193 661 1242 eit
676 1191 796 1254 bonum,
818 1192 894 1259 quod

185 1274 266 1328 etum,
288 1264 392 1314 dicam:
414 1261 542 1330 quonium
556 1275 600 1312 me
610 1275 707 1380 tarum
718 1268 883 1312 exsecutum
896 1276 912 1327 p

185 1331 432 1401 epietoiaiudicae,
452 1333 597 1399 magisque
633 1345 685 1381 auc
700 1345 759 1381 rem
776 1330 829 1382 tibi
847 1331 912 1382 leud

185 1399 909 1472 quamprobatamputu.Etuttncrctumquacdicta

185 1470 360 1525 contraham:
373 1470 468 1522 onmia
478 1484 530 1520 ouo
542 1470 614 1521 bono
626 1475 762 1521 constant.
801 1467 896 1522 Vitem

185 1544 250 1595 litos
271 1538 455 1601 commendat,
477 1553 562 1604 caper
584 1538 685 1600 vinum,
707 1538 846 1590 velocitas
869 1556 901 1592 ce

185 1615 278 1676 Quare
291 1609 377 1661 fortia
387 1608 469 1660 dorso
480 1609 604 1660 iumenta
615 1609 685 1670 tint,
707 1609 840 1726 gocerre!
860 1609 916 1670 uui

185 1697 244 1733 rum
261 1680 304 1732 hic
316 1694 385 1730 unuc
400 1685 443 1730 eet
459 1693 538 1741 ucue,
559 1677 697 1728 sarcinam
722 1692 794 1729 erre.
831 1680 857 1729 6.
879 1679 908 1729 ln

184 1752 323 1817 sagacitas
335 1748 424 1814 prima
435 1755 488 1809 eet,
504 1748 529 1798 ci
538 1746 709 1814 investigare
720 1746 805 1798 debet
817 1747 906 1799 ferae:

184 1835 245 1878 erre,
267 1820 291 1868 ei
303 1816 448 1882 consequi:
469 1816 599 1877 audacie,
619 1818 645 1868 ei
657 1816 785 1869 mordere
802 1825 832 1869 et
848 1819 912 1868 inva

185 1889 213 1939 id
226 1889 253 1936 in
264 1900 373 1953 quoque
381 1887 514 1952 optimum
528 1893 578 1947 eet,
589 1888 631 1937 cui
643 1888 776 1949 nuscitur,
788 1902 916 1954 quocene

185 1961 214 2009 ln
226 1955 336 2007 bomine
347 1955 483 2020 optimum
495 1955 559 2021 quid
572 1955 631 2008 esti
648 1956 738 2007 Ratio.
775 1958 839 2009 Hae
850 1965 913 2009 ante

185 2025 327 2086 animalia,
350 2025 417 2089 deos
428 2024 564 2091 requitur.
600 2025 684 2075 Ratio
697 2039 765 2091 ergo
777 2027 911 2092 perfectu,

187 2097 276 2163 prium
290 2093 410 2145 hominia
421 2095 522 2146 bonum
531 2101 584 2145 eet:
597 2102 690 2145 cetera
700 2094 741 2145 iiii
754 2097 916 2148 cumenima

187 2166 311 2231 satisque
322 2163 478 2216 communie
489 2170 562 2215 eunt.
591 2160 691 2214 Valeti
702 2169 731 2215 et
740 2165 849 2218 leonea.
876 2165 915 2217 Fe

188 2251 234 2287 eui
245 2233 304 2286 cett
317 2234 351 2284 Et
362 2247 490 2299 pavones.
520 2230 611 2284 Velox
624 2232 684 2285 eati
697 2234 731 2285 Rt
742 2236 816 2300 equi.
847 2234 908 2286 Non

115 2348 116 2351 ,
188 2305 216 2354 in
234 2302 276 2353 bic
293 2303 421 2353 onrnibue
438 2301 568 2353 vincitur.
605 2301 629 2352 ⁷.
653 2303 714 2354 Non
726 2318 832 2370 quaero
845 2303 911 2371 quid

189 2371 337 2421 maximum
358 2368 467 2429 habeut,
488 2371 536 2421 eed
557 2371 622 2437 quid
638 2386 727 2422 etrum.
765 2374 874 2439 Corpus
890 2372 916 2424 b:

189 2440 224 2489 Et
235 2440 357 2488 arbores.
379 2438 472 2489 Habet
482 2438 614 2505 impetum
626 2447 655 2493 et
666 2449 772 2494 motum
784 2443 901 2494 volunta

190 2507 349 2567 Etbeetiae,
361 2516 389 2558 et
401 2521 516 2559 vermes.
528 2509 623 2561 Habet
633 2525 727 2561 vocem
736 2510 747 2559 i
757 2510 812 2563 Sed
826 2521 911 2580 quant

188 2579 291 2628 riorem
314 2591 405 2637 cenes,
424 2577 578 2629 acutiorem
595 2578 715 2646 aquiiae,
737 2581 896 2648 grauiorem
916 2607 919 2623 ι

189 2646 340 2698 dulciorem
352 2645 740 2713 mobilioremquelueciniae!
756 2651 832 2714 Quid
845 2651 917 2703 inho

190 2714 347 2783 proprium!
358 2716 449 2767 Ratio.
461 2716 622 2768 Raecrecte
633 2719 918 2773 eteonsummoteteli

189 2794 244 2839 tem
257 2784 377 2838 hominis
388 2784 524 2851 implerit.
560 2785 586 2836 8.
608 2788 682 2855 Rrgo
694 2789 718 2838 si
733 2792 823 2840 omnis
834 2806 888 2851 ree,
913 2814 917 2833 ·

189 2857 291 2906 bonum
304 2871 382 2907 ouum
396 2853 523 2922 perfecit,
535 2856 682 2909 laudabilis
693 2864 749 2919 eet,
761 2866 790 2910 et
802 2861 839 2911 ed
850 2862 904 2912 tine

188 2932 269 2976 turae
280 2940 347 2976 cuae
359 2924 497 2990 pervenit,
518 2923 624 2977 homini
635 2935 727 2979 autem
738 2943 821 2980 ouum
834 2931 907 2980 bonu

187 2995 228 3044 tio
241 3000 298 3045 est:
320 2995 344 3045 ci
356 2993 427 3046 benc
439 2994 567 3061 perfecit,
583 2995 732 3049 laudabilis
743 3005 796 3061 cet,
807 3007 837 3050 et
848 2999 902 3051 tine

184 3067 266 3115 turae
276 3077 344 3117 eune
357 3064 408 3117 atti
431 3065 462 3116 it.
490 3065 567 3118 Haec
578 3067 651 3118 ratio
664 3066 799 3132 perfecta,
810 3072 899 3121 virtus

174 3137 230 3196 tur,
246 3081 572 3208 eademquezionestuni
582 3144 636 3187 eet.
646 3135 918 3200 iditunuounumb

162 3204 254 3257 estin
272 3204 402 3271 bomine.
430 3203 812 3281 quodunumbom'udacat.
842 3202 919 3250 uun
