1942 3360
127 490 163 544 32
421 485 640 540 SENECAE

124 619 214 663 turem
224 604 600 674 triumphalemceusorium,
609 603 728 673 (etquod
740 603 916 672 superomnia
970 597 971 612 ¹

126 677 194 732 haec
204 679 259 739 est)
270 678 416 739 Catonem,
438 691 490 727 uno
502 676 609 728 caballo
621 691 680 728 esse
699 682 874 737 contentum,
891 682 916 727 et

125 764 159 801 ne
170 755 230 800 toto
242 745 367 815 quideml
392 747 417 798 9.
438 745 547 798 Partem
559 747 633 798 enirn
645 745 783 807 cuninae,
802 744 838 797 ab
849 752 915 796 utre·

124 832 178 886 que
187 817 275 869 latere
286 814 481 882 dependentes,
496 816 678 882 occupabant.
714 814 761 866 lte
772 829 826 866 non
837 814 915 866 omui·

124 889 175 940 bus
197 889 287 939 obesis
307 887 423 947 uranuis,
445 890 473 936 et
493 885 701 946 asturconibus,
723 892 754 936 et
774 883 917 935 tollutariir

125 957 280 1024 praeferres
293 956 402 1006 unicum
414 954 492 1006 illum
504 969 618 1021 equum,
638 957 748 1020 abipso
760 955 864 1006 cetone
874 953 917 1004 dt·

125 1026 253 1079 frictuml
271 1025 361 1077 Video
383 1039 437 1075 nou
458 1024 580 1075 futurum
595 1023 677 1075 finem
692 1027 719 1074 in
735 1024 791 1074 ista
806 1023 918 1073 materie

125 1098 221 1160 ullum,
241 1095 293 1147 nisi
303 1108 384 1162 quem
399 1092 468 1144 mihi
480 1096 537 1161 ipse
548 1093 652 1146 fecero.
691 1094 745 1145 llic
756 1093 849 1158 itaque
861 1107 920 1143 cou-

125 1168 265 1224 ticescam,
276 1170 407 1230 quantum
420 1162 454 1213 ud
465 1164 531 1213 ista:
552 1166 691 1228 quaeriue
703 1162 791 1214 dubio
802 1162 872 1213 tulin
882 1161 918 1213 di·

125 1233 338 1295 ninevitiutora,
348 1231 442 1298 qualia
452 1240 606 1293 nonerunt,
628 1232 676 1299 qui
686 1232 793 1299 primus
804 1231 918 1300 appella-

124 1306 166 1355 vit
176 1302 376 1369 impedimenta.
415 1301 455 1352 10.
476 1301 555 1353 Nunc
564 1301 627 1352 volu
638 1302 822 1367 paucissimus
834 1300 917 1352 adhuc

123 1373 358 1437 interrogationes
368 1378 525 1423 nostrorum
536 1372 585 1423 tibi
597 1370 724 1434 reddere,
745 1370 782 1422 ud
792 1373 916 1422 virtutem

124 1441 303 1510 pertinentes,
318 1456 400 1508 quam
413 1439 574 1493 satisfecere
585 1441 657 1491 vitae
666 1440 768 1494 beatae
780 1439 917 1494 contendi·

125 1527 195 1563 mus.
231 1509 311 1573 Quod
321 1512 423 1562 bonum
434 1516 486 1573 est,
506 1512 592 1563 bonos
604 1510 683 1562 facit:
706 1525 770 1563 uam
784 1512 852 1564 etin
863 1515 917 1562 arte
964 1545 971 1561 r

123 1580 514 1716 llltnlllllllrtt
528 1580 757 1702 llltlllllll·
784 1580 917 1703 llil:

123 1720 178 1772 boo
186 1721 226 1770 sic
238 1718 721 1788 respondentPeripatetici,ut,quod
734 1723 854 1787 primum
860 1733 915 1787 pro·

124 1789 262 1856 ponimur,
282 1786 382 1838 fulsum
398 1802 458 1839 esse
473 1789 575 1841 dicunt.
621 1787 659 1840 ll.
674 1789 715 1841 Ab
727 1805 771 1853 eo,
786 1790 915 1857 inquiunt,
969 1835 971 1840 .

123 1856 196 1925 quod
215 1864 258 1908 est
276 1858 459 1924 bononnuon
474 1857 570 1925 utique
581 1860 649 1909 liunt
659 1860 735 1911 boui.
772 1861 804 1911 ln
818 1860 914 1911 musica

123 1934 166 1981 est
176 1925 287 1994 aliquod
297 1927 412 1988 bonum,
433 1933 563 1995 tunquam
575 1928 653 1990 tibia,
675 1936 724 1981 uut
736 1927 853 1991 chorda,
873 1934 915 1979 nut
967 1915 971 1958 ¹

123 2012 256 2065 organum
270 1995 379 2064 aliquod
391 2004 515 2064 aptatum
526 1999 561 2048 ad
572 2014 637 2049 usus
648 1998 779 2050 canendi:
800 1998 869 2050 nihil
878 2004 914 2048 ta·
969 1988 971 2028 ¹

123 2084 186 2120 rnen
206 2066 304 2120 horum
324 2067 391 2119 fucit
412 2067 554 2119 musicum.
607 2068 662 2119 Hic
680 2067 914 2135 respondebimus:
960 2056 971 2126 χ’

124 2137 360 2207 Nnnintelligitis‚
382 2138 519 2203 quomodo
530 2138 711 2203 posuerimus,
731 2138 914 2205 quodbonurn
960 2164 961 2167 =

124 2216 166 2260 est
178 2208 290 2259 musico.
323 2207 384 2258 Non
396 2207 469 2259 eninr
479 2206 507 2259 id
520 2207 644 2266 dicimus,
654 2208 728 2274 quod
739 2209 855 2260 instruit
865 2221 914 2258 mu·

123 2279 220 2338 sicum,
231 2277 280 2328 aed
291 2278 363 2342 quod
376 2275 456 2328 lacit:
468 2284 498 2328 tu
510 2275 546 2327 nd
555 2277 758 2344 supellectilem
769 2281 847 2340 artis,
865 2291 913 2328 nou

123 2346 159 2398 ad
169 2352 257 2397 artem
267 2346 353 2395 venis.
391 2347 428 2396 12
453 2344 558 2414 Siquid
573 2355 664 2399 autern
677 2349 705 2398 in
717 2347 781 2414 ipsa
792 2357 852 2400 orte
861 2361 914 2397 mu·

121 2417 178 2466 sica
189 2415 346 2474 bonumest‚
358 2413 387 2463 id
398 2415 491 2480 ntique
503 2417 634 2467 musicum
647 2417 742 2469 furiet.
756 2418 915 2470 Etiamnunc

123 2485 214 2536 iacere
224 2483 251 2533 id
264 2482 373 2548 planius
385 2483 459 2535 volo.
495 2484 602 2538 Bonum
619 2489 646 2536 in
657 2494 720 2537 arte
733 2489 840 2538 musico
849 2485 917 2536 duo-
961 2528 962 2531 ,

121 2556 172 2607 bus
184 2551 274 2605 modis
285 2552 399 2603 dicitur:
417 2552 517 2614 altero,
537 2571 590 2621 quo
602 2554 717 2607 effectus
730 2558 831 2609 musici
843 2556 916 2607 adiu·

121 2631 214 2676 ratur:
226 2624 323 2683 altero,
333 2638 386 2689 quo
398 2637 451 2673 urs.
473 2623 514 2674 nd
528 2624 653 2677 ellectum
667 2628 811 2692 pertinent
822 2629 918 2678 instru-

122 2701 223 2755 nrentu,
233 2693 328 2754 tibiae,
338 2699 367 2744 et
378 2706 490 2759 organa,
501 2699 528 2743 st
539 2693 671 2747 chordae:
685 2695 720 2747 nd
731 2706 822 2750 artem
834 2699 917 2764 ipram
955 2738 958 2759 ,

122 2780 175 2815 non
188 2763 333 2830 pertinent
369 2762 418 2815 Est
430 2763 501 2813 eninr
512 2763 614 2816 artilex
626 2767 710 2818 etinnr
722 2768 783 2818 sine
794 2769 869 2829 istis3
880 2763 919 2816 uti
959 2779 960 2784 ’

121 2832 241 2884 forsitan
252 2849 306 2885 uon
318 2840 409 2900 potest
420 2839 488 2884 arte.
524 2834 588 2885 lloc
598 2850 652 2886 non
663 2843 706 2888 est
718 2851 809 2905 neque
820 2836 918 2902 duplex

121 2904 150 2952 in
162 2902 279 2954 homine.
315 2904 389 2955 ldem
407 2904 477 2954 eninr
492 2903 591 2954 bunum
605 2912 633 2956 et
644 2903 779 2968 hominis,
800 2914 828 2960 et
838 2907 917 2957 vitre.

122 2999 154 3009 -
171 2971 208 3023 1³.
220 2972 299 3035 Quod
311 2973 524 3025 contemtissimo
536 2974 635 3040 cuique
646 2977 811 3044 contingere
822 2993 855 3029 ac
865 2985 918 3027 tur·

109 3041 231 3110 pissimo
242 3050 345 3113 potest,
365 3044 467 3100 bouutu
476 3051 596 3098 nonest:
618 3059 686 3112 opes
700 3054 796 3100 auteur
807 3057 837 3100 et
846 3049 917 3101 leno·
