<?xml version="1.0" encoding="UTF-8"?>
<!DOCTYPE html PUBLIC "-//W3C//DTD XHTML 1.0 Transitional//EN"
    "http://www.w3.org/TR/xhtml1/DTD/xhtml1-transitional.dtd">
<html xmlns="http://www.w3.org/1999/xhtml" xml:lang="en" lang="en">
 <head>
  <title>
</title>
<meta http-equiv="Content-Type" content="text/html;charset=utf-8" />
  <meta name='ocr-system' content='tesseract 3.04.00' />
  <meta name='ocr-capabilities' content='ocr_page ocr_carea ocr_par ocr_line ocrx_word'/>
</head>
<body>
  <div class='ocr_page' id='page_1' title='image "./lannaeisenecaep01senegoog_0204.png"; bbox 0 0 1838 3456; ppageno 0'>
   <div class='ocr_carea' id='block_1_1' title="bbox 274 106 859 165">
    <p class='ocr_par' dir='ltr' id='par_1_1' title="bbox 274 106 859 165">
     <span class='ocr_line' id='line_1_1' title="bbox 274 106 859 165; baseline 0.014 -8"><span class='ocrx_word' id='word_1_1' title='bbox 274 106 562 165; x_wconf 77' lang='lat' dir='ltr'><strong>EPlSTOLAE.</strong></span> <span class='ocrx_word' id='word_1_2' title='bbox 598 112 642 162; x_wconf 83' lang='lat' dir='ltr'><strong>ri.</strong></span> <span class='ocrx_word' id='word_1_3' title='bbox 811 113 859 165; x_wconf 76' lang='lat'><strong>189</strong></span> 
     </span>
    </p>
   </div>
   <div class='ocr_carea' id='block_1_2' title="bbox 0 227 904 2743">
    <p class='ocr_par' dir='ltr' id='par_1_2' title="bbox 10 223 858 298">
     <span class='ocr_line' id='line_1_2' title="bbox 17 227 858 298; baseline 0.004 -16.975"><span class='ocrx_word' id='word_1_4' title='bbox 17 229 156 298; x_wconf 43' lang='lat' dir='ltr'><strong>,omnes</strong></span> <span class='ocrx_word' id='word_1_5' title='bbox 172 229 229 280; x_wconf 81' lang='lat' dir='ltr'><strong>bos</strong></span> <span class='ocrx_word' id='word_1_6' title='bbox 240 227 352 279; x_wconf 83' lang='lat' dir='ltr'><strong>fertiles</strong></span> <span class='ocrx_word' id='word_1_7' title='bbox 365 244 477 295; x_wconf 86' lang='lat' dir='ltr'><strong>canrpos</strong></span> <span class='ocrx_word' id='word_1_8' title='bbox 493 231 638 297; x_wconf 81' lang='lat' dir='ltr'><strong>repentina</strong></span> <span class='ocrx_word' id='word_1_9' title='bbox 649 233 731 283; x_wconf 85' lang='lat' dir='ltr'><strong>maris</strong></span> <span class='ocrx_word' id='word_1_10' title='bbox 744 234 858 284; x_wconf 87' lang='lat' dir='ltr'><strong>inunda-</strong></span> 
     </span>
    </p>

    <p class='ocr_par' dir='ltr' id='par_1_3' title="bbox 3 298 856 360">
     <span class='ocr_line' id='line_1_3' title="bbox 3 298 856 360; baseline 0.011 -16"><span class='ocrx_word' id='word_1_11' title='bbox 3 298 20 359; x_wconf 49' lang='grc' dir='ltr'><em>ῥ</em></span> <span class='ocrx_word' id='word_1_12' title='bbox 39 300 94 360; x_wconf 50' lang='lat' dir='ltr'><strong>¹¹tir)</strong></span> <span class='ocrx_word' id='word_1_13' title='bbox 106 299 275 360; x_wconf 76' lang='lat' dir='ltr'>abscondet,</span> <span class='ocrx_word' id='word_1_14' title='bbox 296 299 381 348; x_wconf 80' lang='lat' dir='ltr'>autin</span> <span class='ocrx_word' id='word_1_15' title='bbox 392 300 512 350; x_wconf 85' lang='lat' dir='ltr'><strong>subitam</strong></span> <span class='ocrx_word' id='word_1_16' title='bbox 526 316 668 350; x_wconf 78' lang='lat' dir='ltr'><strong>cavernam</strong></span> <span class='ocrx_word' id='word_1_17' title='bbox 688 301 856 353; x_wconf 75' lang='lat' dir='ltr'><strong>considentis</strong></span> 
     </span>
    </p>

    <p class='ocr_par' dir='ltr' id='par_1_4' title="bbox 7 367 858 507">
     <span class='ocr_line' id='line_1_4' title="bbox 7 367 857 437; baseline 0.006 -20"><span class='ocrx_word' id='word_1_18' title='bbox 7 411 21 432; x_wconf 36' lang='grc' dir='ltr'><strong><em>ε</em></strong></span> <span class='ocrx_word' id='word_1_19' title='bbox 35 368 214 434; x_wconf 76' lang='lat' dir='ltr'><strong>7·selilapsus</strong></span> <span class='ocrx_word' id='word_1_20' title='bbox 226 367 353 418; x_wconf 86' lang='lat' dir='ltr'><strong>abducet.</strong></span> <span class='ocrx_word' id='word_1_21' title='bbox 392 370 431 421; x_wconf 86' lang='lat'><strong>15.</strong></span> <span class='ocrx_word' id='word_1_22' title='bbox 451 368 523 430; x_wconf 76' lang='lat' dir='ltr'><strong>Quid</strong></span> <span class='ocrx_word' id='word_1_23' title='bbox 536 379 579 419; x_wconf 88' lang='lat' dir='ltr'><strong>est</strong></span> <span class='ocrx_word' id='word_1_24' title='bbox 591 385 672 436; x_wconf 84' lang='lat' dir='ltr'><strong>ergo,</strong></span> <span class='ocrx_word' id='word_1_25' title='bbox 688 386 774 437; x_wconf 87' lang='lat' dir='ltr'><strong>quare</strong></span> <span class='ocrx_word' id='word_1_26' title='bbox 787 372 857 422; x_wconf 90' lang='lat' dir='ltr'><strong>indi-</strong></span> 
     </span>
     <span class='ocr_line' id='line_1_5' title="bbox 7 433 858 507; baseline 0.006 -21"><span class='ocrx_word' id='word_1_27' title='bbox 7 433 29 506; x_wconf 47' lang='lat'>}</span> <span class='ocrx_word' id='word_1_28' title='bbox 63 451 137 503; x_wconf 70' lang='lat' dir='ltr'><strong>gaer,</strong></span> <span class='ocrx_word' id='word_1_29' title='bbox 157 446 206 488; x_wconf 89' lang='lat' dir='ltr'><strong>aut</strong></span> <span class='ocrx_word' id='word_1_30' title='bbox 223 438 349 499; x_wconf 88' lang='lat' dir='ltr'><strong>doleam,</strong></span> <span class='ocrx_word' id='word_1_31' title='bbox 370 440 394 488; x_wconf 86' lang='lat' dir='ltr'><strong>si</strong></span> <span class='ocrx_word' id='word_1_32' title='bbox 407 440 505 507; x_wconf 79' lang='lat' dir='ltr'><strong>exiguo</strong></span> <span class='ocrx_word' id='word_1_33' title='bbox 520 446 661 489; x_wconf 89' lang='lat' dir='ltr'><strong>momento</strong></span> <span class='ocrx_word' id='word_1_34' title='bbox 672 440 783 504; x_wconf 87' lang='lat' dir='ltr'><strong>publica</strong></span> <span class='ocrx_word' id='word_1_35' title='bbox 797 441 858 492; x_wconf 82' lang='lat' dir='ltr'><strong>fata</strong></span> 
     </span>
    </p>

    <p class='ocr_par' dir='ltr' id='par_1_5' title="bbox 3 507 858 710">
     <span class='ocr_line' id='line_1_6' title="bbox 3 507 856 576; baseline 0.006 -20"><span class='ocrx_word' id='word_1_36' title='bbox 3 509 50 573; x_wconf 58' lang='lat' dir='ltr'><strong>{42ss</strong></span> <span class='ocrx_word' id='word_1_37' title='bbox 64 507 209 570; x_wconf 77' lang='lat' dir='ltr'><strong>praecedo!</strong></span> <span class='ocrx_word' id='word_1_38' title='bbox 234 509 353 575; x_wconf 83' lang='lat' dir='ltr'><strong>Magnus</strong></span> <span class='ocrx_word' id='word_1_39' title='bbox 365 509 474 558; x_wconf 82' lang='lat' dir='ltr'><strong>animus</strong></span> <span class='ocrx_word' id='word_1_40' title='bbox 487 508 546 559; x_wconf 86' lang='lat' dir='ltr'><strong>Deo</strong></span> <span class='ocrx_word' id='word_1_41' title='bbox 561 515 674 573; x_wconf 88' lang='lat' dir='ltr'><strong>pareat:</strong></span> <span class='ocrx_word' id='word_1_42' title='bbox 686 516 714 558; x_wconf 88' lang='lat' dir='ltr'><strong>et</strong></span> <span class='ocrx_word' id='word_1_43' title='bbox 725 508 856 576; x_wconf 86' lang='lat' dir='ltr'><strong>quidquid</strong></span> 
     </span>
     <span class='ocr_line' id='line_1_7' title="bbox 10 569 858 643; baseline 0.007 -18"><span class='ocrx_word' id='word_1_44' title='bbox 10 569 29 640; x_wconf 53' lang='lat'><strong>&#39;3</strong></span> <span class='ocrx_word' id='word_1_45' title='bbox 46 601 50 609; x_wconf 74' lang='lat'>=</span> <span class='ocrx_word' id='word_1_46' title='bbox 66 574 104 626; x_wconf 78' lang='lat' dir='ltr'><strong>lex</strong></span> <span class='ocrx_word' id='word_1_47' title='bbox 118 577 238 628; x_wconf 72' lang='lat' dir='ltr'><strong>universi</strong></span> <span class='ocrx_word' id='word_1_48' title='bbox 255 577 347 637; x_wconf 88' lang='lat' dir='ltr'><strong>iubet,</strong></span> <span class='ocrx_word' id='word_1_49' title='bbox 369 580 428 628; x_wconf 89' lang='lat' dir='ltr'><strong>sine</strong></span> <span class='ocrx_word' id='word_1_50' title='bbox 444 578 624 628; x_wconf 79' lang='lat' dir='ltr'><strong>cunctatione</strong></span> <span class='ocrx_word' id='word_1_51' title='bbox 636 578 768 643; x_wconf 85' lang='lat' dir='ltr'><strong>patiatur.</strong></span> <span class='ocrx_word' id='word_1_52' title='bbox 804 581 858 631; x_wconf 73' lang='lat' dir='ltr'><strong>Aut</strong></span> 
     </span>
     <span class='ocr_line' id='line_1_8' title="bbox 69 645 857 710; baseline 0.001 -13.936"><span class='ocrx_word' id='word_1_53' title='bbox 69 645 91 693; x_wconf 88' lang='lat' dir='ltr'><strong>is</strong></span> <span class='ocrx_word' id='word_1_54' title='bbox 101 646 235 697; x_wconf 84' lang='lat' dir='ltr'><strong>meliorem</strong></span> <span class='ocrx_word' id='word_1_55' title='bbox 250 647 389 697; x_wconf 81' lang='lat' dir='ltr'><strong>emittitur</strong></span> <span class='ocrx_word' id='word_1_56' title='bbox 404 648 490 697; x_wconf 84' lang='lat' dir='ltr'><strong>vitam</strong></span> <span class='ocrx_word' id='word_1_57' title='bbox 497 685 505 710; x_wconf 96' lang='lat'><strong>,</strong></span> <span class='ocrx_word' id='word_1_58' title='bbox 527 647 648 697; x_wconf 76' lang='lat' dir='ltr'><strong>lucidius</strong></span> <span class='ocrx_word' id='word_1_59' title='bbox 665 655 726 697; x_wconf 81' lang='lat' dir='ltr'><strong>tran</strong></span> <span class='ocrx_word' id='word_1_60' title='bbox 747 647 857 698; x_wconf 90' lang='lat' dir='ltr'><strong>uillius·</strong></span> 
     </span>
    </p>

    <p class='ocr_par' dir='ltr' id='par_1_6' title="bbox 0 664 858 1125">
     <span class='ocr_line' id='line_1_9' title="bbox 71 664 856 777; baseline 0.005 -12.716"><span class='ocrx_word' id='word_1_61' title='bbox 71 727 113 777; x_wconf 72' lang='lat' dir='ltr'><strong>que</strong></span> <span class='ocrx_word' id='word_1_62' title='bbox 122 716 193 767; x_wconf 83' lang='lat' dir='ltr'><strong>inter</strong></span> <span class='ocrx_word' id='word_1_63' title='bbox 203 715 298 766; x_wconf 75' lang='lat' dir='ltr'><strong>diuina</strong></span> <span class='ocrx_word' id='word_1_64' title='bbox 309 731 465 766; x_wconf 78' lang='lat' dir='ltr'><strong>pransurus:</strong></span> <span class='ocrx_word' id='word_1_65' title='bbox 488 725 536 766; x_wconf 83' lang='lat' dir='ltr'><strong>sut</strong></span> <span class='ocrx_word' id='word_1_66' title='bbox 548 725 622 768; x_wconf 85' lang='lat' dir='ltr'><strong>certe</strong></span> <span class='ocrx_word' id='word_1_67' title='bbox 635 717 695 767; x_wconf 87' lang='lat' dir='ltr'><strong>sine</strong></span> <span class='ocrx_word' id='word_1_68' title='bbox 707 664 772 767; x_wconf 86' lang='lat' dir='ltr'><strong>ullo</strong></span> <span class='ocrx_word' id='word_1_69' title='bbox 781 717 856 768; x_wconf 80' lang='lat' dir='ltr'><strong>futu-</strong></span> 
     </span>
     <span class='ocr_line' id='line_1_10' title="bbox 0 785 858 853; baseline 0.007 -22"><span class='ocrx_word' id='word_1_70' title='bbox 0 802 20 853; x_wconf 47' lang='lat' dir='ltr'><em>s</em></span> <span class='ocrx_word' id='word_1_71' title='bbox 42 804 44 832; x_wconf 69' lang='lat' dir='ltr'>J</span> <span class='ocrx_word' id='word_1_72' title='bbox 73 796 109 832; x_wconf 80' lang='lat' dir='ltr'><strong>rus</strong></span> <span class='ocrx_word' id='word_1_73' title='bbox 119 785 298 846; x_wconf 87' lang='lat' dir='ltr'><strong>incommodo,</strong></span> <span class='ocrx_word' id='word_1_74' title='bbox 311 793 428 836; x_wconf 82' lang='lat' dir='ltr'><strong>naturae</strong></span> <span class='ocrx_word' id='word_1_75' title='bbox 438 800 507 836; x_wconf 84' lang='lat' dir='ltr'><strong>suae</strong></span> <span class='ocrx_word' id='word_1_76' title='bbox 521 786 723 850; x_wconf 78' lang='lat' dir='ltr'><strong>remiscebitur,</strong></span> <span class='ocrx_word' id='word_1_77' title='bbox 734 795 761 837; x_wconf 87' lang='lat' dir='ltr'><strong>et</strong></span> <span class='ocrx_word' id='word_1_78' title='bbox 767 802 858 839; x_wconf 82' lang='lat' dir='ltr'><strong>rerer·</strong></span> 
     </span>
     <span class='ocr_line' id='line_1_11' title="bbox 0 854 857 922; baseline 0.009 -23"><span class='ocrx_word' id='word_1_79' title='bbox 0 880 1 884; x_wconf 62' lang='lat'><em>=</em></span> <span class='ocrx_word' id='word_1_80' title='bbox 37 878 51 888; x_wconf 73' lang='lat'><em>.</em></span> <span class='ocrx_word' id='word_1_81' title='bbox 74 854 270 904; x_wconf 84' lang='lat' dir='ltr'><strong>teturintotum.</strong></span> <span class='ocrx_word' id='word_1_82' title='bbox 288 856 325 905; x_wconf 80' lang='lat'><strong>16.</strong></span> <span class='ocrx_word' id='word_1_83' title='bbox 339 855 450 905; x_wconf 82' lang='lat' dir='ltr'><strong>Nonest</strong></span> <span class='ocrx_word' id='word_1_84' title='bbox 460 856 694 922; x_wconf 84' lang='lat' dir='ltr'><strong>ergoM.Catonis</strong></span> <span class='ocrx_word' id='word_1_85' title='bbox 706 857 797 908; x_wconf 84' lang='lat' dir='ltr'><strong>maius</strong></span> <span class='ocrx_word' id='word_1_86' title='bbox 808 857 857 907; x_wconf 92' lang='lat' dir='ltr'><strong>bo·</strong></span> 
     </span>
     <span class='ocr_line' id='line_1_12' title="bbox 0 921 856 992; baseline 0.009 -24"><span class='ocrx_word' id='word_1_87' title='bbox 0 929 3 936; x_wconf 83' lang='grc'><strong>’</strong></span> <span class='ocrx_word' id='word_1_88' title='bbox 38 942 40 944; x_wconf 89' lang='lat'>·</span> <span class='ocrx_word' id='word_1_89' title='bbox 75 935 125 971; x_wconf 87' lang='lat' dir='ltr'><strong>num</strong></span> <span class='ocrx_word' id='word_1_90' title='bbox 135 921 247 974; x_wconf 83' lang='lat' dir='ltr'><strong>honesta</strong></span> <span class='ocrx_word' id='word_1_91' title='bbox 258 925 322 986; x_wconf 81' lang='lat' dir='ltr'><strong>vita,</strong></span> <span class='ocrx_word' id='word_1_92' title='bbox 335 940 416 992; x_wconf 86' lang='lat' dir='ltr'><strong>quam</strong></span> <span class='ocrx_word' id='word_1_93' title='bbox 429 940 504 975; x_wconf 83' lang='lat' dir='ltr'><strong>mors</strong></span> <span class='ocrx_word' id='word_1_94' title='bbox 516 924 645 976; x_wconf 87' lang='lat' dir='ltr'><strong>honesta:</strong></span> <span class='ocrx_word' id='word_1_95' title='bbox 658 929 789 992; x_wconf 85' lang='lat' dir='ltr'><strong>quoniam</strong></span> <span class='ocrx_word' id='word_1_96' title='bbox 801 943 856 977; x_wconf 90' lang='lat' dir='ltr'><strong>non</strong></span> 
     </span>
     <span class='ocr_line' id='line_1_13' title="bbox 49 990 857 1052; baseline 0.001 -8"><span class='ocrx_word' id='word_1_97' title='bbox 49 1040 52 1052; x_wconf 15' lang='lat'><strong>,1</strong></span> <span class='ocrx_word' id='word_1_98' title='bbox 76 990 209 1044; x_wconf 77' lang='lat' dir='ltr'><strong>intenditur</strong></span> <span class='ocrx_word' id='word_1_99' title='bbox 221 995 319 1044; x_wconf 77' lang='lat' dir='ltr'><strong>uirtus.</strong></span> <span class='ocrx_word' id='word_1_100' title='bbox 334 994 410 1045; x_wconf 90' lang='lat' dir='ltr'><strong>ldem</strong></span> <span class='ocrx_word' id='word_1_101' title='bbox 423 1010 483 1044; x_wconf 83' lang='lat' dir='ltr'><strong>esse</strong></span> <span class='ocrx_word' id='word_1_102' title='bbox 496 994 603 1044; x_wconf 85' lang='lat' dir='ltr'><strong>dicebat</strong></span> <span class='ocrx_word' id='word_1_103' title='bbox 615 994 746 1046; x_wconf 85' lang='lat' dir='ltr'><strong>Socrates</strong></span> <span class='ocrx_word' id='word_1_104' title='bbox 758 999 857 1048; x_wconf 83' lang='lat' dir='ltr'><strong>verita-</strong></span> 
     </span>
     <span class='ocr_line' id='line_1_14' title="bbox 77 1063 856 1125; baseline 0.002 -10.928"><span class='ocrx_word' id='word_1_105' title='bbox 77 1064 117 1109; x_wconf 75' lang='lat' dir='ltr'><strong>ltur</strong></span> <span class='ocrx_word' id='word_1_106' title='bbox 128 1071 152 1114; x_wconf 81' lang='lat' dir='ltr'><strong>et</strong></span> <span class='ocrx_word' id='word_1_107' title='bbox 163 1064 302 1113; x_wconf 75' lang='lat' dir='ltr'><strong>uirtutem.</strong></span> <span class='ocrx_word' id='word_1_108' title='bbox 329 1064 475 1125; x_wconf 81' lang='lat' dir='ltr'><strong>Quomodo</strong></span> <span class='ocrx_word' id='word_1_109' title='bbox 490 1063 540 1113; x_wconf 89' lang='lat' dir='ltr'><strong>illa</strong></span> <span class='ocrx_word' id='word_1_110' title='bbox 552 1079 605 1113; x_wconf 92' lang='lat' dir='ltr'><strong>non</strong></span> <span class='ocrx_word' id='word_1_111' title='bbox 617 1066 733 1125; x_wconf 84' lang='lat' dir='ltr'><strong>erescit,</strong></span> <span class='ocrx_word' id='word_1_112' title='bbox 753 1068 793 1114; x_wconf 89' lang='lat' dir='ltr'><strong>sic</strong></span> <span class='ocrx_word' id='word_1_113' title='bbox 807 1081 856 1116; x_wconf 89' lang='lat' dir='ltr'><strong>nec</strong></span> 
     </span>
    </p>

    <p class='ocr_par' dir='ltr' id='par_1_7' title="bbox 0 1127 855 1270">
     <span class='ocr_line' id='line_1_15' title="bbox 0 1127 854 1198; baseline 0.006 -19"><span class='ocrx_word' id='word_1_114' title='bbox 0 1136 7 1142; x_wconf 83' lang='grc'><em>’</em></span> <span class='ocrx_word' id='word_1_115' title='bbox 43 1138 53 1168; x_wconf 83' lang='grc' dir='ltr'>ῑ</span> <span class='ocrx_word' id='word_1_116' title='bbox 77 1127 275 1197; x_wconf 66' lang='lat' dir='ltr'><strong>uniusquidem.</strong></span> <span class='ocrx_word' id='word_1_117' title='bbox 295 1135 387 1183; x_wconf 84' lang='lat' dir='ltr'><strong>ilabet</strong></span> <span class='ocrx_word' id='word_1_118' title='bbox 401 1148 529 1182; x_wconf 86' lang='lat' dir='ltr'><strong>numeros</strong></span> <span class='ocrx_word' id='word_1_119' title='bbox 540 1148 615 1192; x_wconf 90' lang='lat' dir='ltr'><strong>suos,</strong></span> <span class='ocrx_word' id='word_1_120' title='bbox 628 1133 711 1198; x_wconf 90' lang='lat' dir='ltr'><strong>plena</strong></span> <span class='ocrx_word' id='word_1_121' title='bbox 722 1141 772 1183; x_wconf 84' lang='lat' dir='ltr'><strong>ost.</strong></span> <span class='ocrx_word' id='word_1_122' title='bbox 793 1134 854 1184; x_wconf 89' lang='lat' dir='ltr'><strong>Non</strong></span> 
     </span>
     <span class='ocr_line' id='line_1_16' title="bbox 45 1201 855 1270; baseline 0.011 -25"><span class='ocrx_word' id='word_1_123' title='bbox 45 1258 50 1266; x_wconf 21' lang='lat' dir='ltr'>h</span> <span class='ocrx_word' id='word_1_124' title='bbox 77 1204 200 1267; x_wconf 69' lang='lat' dir='ltr'><strong>curitaque</strong></span> <span class='ocrx_word' id='word_1_125' title='bbox 214 1201 289 1268; x_wconf 87' lang='lat' dir='ltr'><strong>quod</strong></span> <span class='ocrx_word' id='word_1_126' title='bbox 303 1203 412 1253; x_wconf 89' lang='lat' dir='ltr'><strong>mireris</strong></span> <span class='ocrx_word' id='word_1_127' title='bbox 423 1203 504 1268; x_wconf 81' lang='lat' dir='ltr'><strong>paria</strong></span> <span class='ocrx_word' id='word_1_128' title='bbox 515 1218 576 1254; x_wconf 84' lang='lat' dir='ltr'><strong>esse</strong></span> <span class='ocrx_word' id='word_1_129' title='bbox 590 1205 676 1262; x_wconf 88' lang='lat' dir='ltr'><strong>bona,</strong></span> <span class='ocrx_word' id='word_1_130' title='bbox 699 1211 727 1253; x_wconf 87' lang='lat' dir='ltr'><strong>et</strong></span> <span class='ocrx_word' id='word_1_131' title='bbox 738 1218 808 1270; x_wconf 88' lang='lat' dir='ltr'><strong>quae</strong></span> <span class='ocrx_word' id='word_1_132' title='bbox 821 1219 855 1254; x_wconf 84' lang='lat' dir='ltr'><strong>ex</strong></span> 
     </span>
    </p>

    <p class='ocr_par' dir='ltr' id='par_1_8' title="bbox 49 1271 856 1338">
     <span class='ocr_line' id='line_1_17' title="bbox 49 1271 856 1338; baseline 0.009 -21"><span class='ocrx_word' id='word_1_133' title='bbox 49 1303 50 1308; x_wconf 65' lang='lat'><strong>,</strong></span> <span class='ocrx_word' id='word_1_134' title='bbox 77 1272 197 1335; x_wconf 75' lang='lat' dir='ltr'><strong>proposito</strong></span> <span class='ocrx_word' id='word_1_135' title='bbox 218 1271 354 1337; x_wconf 82' lang='lat' dir='ltr'><strong>sumenda</strong></span> <span class='ocrx_word' id='word_1_136' title='bbox 374 1279 453 1332; x_wconf 85' lang='lat' dir='ltr'><strong>sunt,</strong></span> <span class='ocrx_word' id='word_1_137' title='bbox 475 1279 503 1322; x_wconf 85' lang='lat' dir='ltr'><strong>et</strong></span> <span class='ocrx_word' id='word_1_138' title='bbox 525 1287 597 1338; x_wconf 85' lang='lat' dir='ltr'><strong>quae</strong></span> <span class='ocrx_word' id='word_1_139' title='bbox 612 1272 707 1324; x_wconf 85' lang='lat' dir='ltr'><strong>subita</strong></span> <span class='ocrx_word' id='word_1_140' title='bbox 722 1289 766 1324; x_wconf 88' lang='lat' dir='ltr'><strong>res</strong></span> <span class='ocrx_word' id='word_1_141' title='bbox 783 1274 856 1324; x_wconf 86' lang='lat' dir='ltr'><strong>tulit.</strong></span> 
     </span>
    </p>

    <p class='ocr_par' dir='ltr' id='par_1_9' title="bbox 43 1339 858 1475">
     <span class='ocr_line' id='line_1_18' title="bbox 43 1339 858 1408; baseline 0.013 -24"><span class='ocrx_word' id='word_1_142' title='bbox 43 1364 44 1371; x_wconf 27' lang='grc' dir='ltr'><strong>κ</strong></span> <span class='ocrx_word' id='word_1_143' title='bbox 76 1349 120 1388; x_wconf 82' lang='lat' dir='ltr'><strong>mm</strong></span> <span class='ocrx_word' id='word_1_144' title='bbox 139 1341 163 1391; x_wconf 88' lang='lat' dir='ltr'><strong>si</strong></span> <span class='ocrx_word' id='word_1_145' title='bbox 180 1339 251 1391; x_wconf 84' lang='lat' dir='ltr'><strong>banc</strong></span> <span class='ocrx_word' id='word_1_146' title='bbox 270 1341 502 1408; x_wconf 86' lang='lat' dir='ltr'><strong>inaequalitatem</strong></span> <span class='ocrx_word' id='word_1_147' title='bbox 520 1344 675 1408; x_wconf 75' lang='lat' dir='ltr'><strong>receperis,</strong></span> <span class='ocrx_word' id='word_1_148' title='bbox 696 1351 727 1393; x_wconf 90' lang='lat' dir='ltr'><strong>ut</strong></span> <span class='ocrx_word' id='word_1_149' title='bbox 743 1342 858 1395; x_wconf 82' lang='lat' dir='ltr'><strong>fortiter</strong></span> 
     </span>
     <span class='ocr_line' id='line_1_19' title="bbox 75 1411 858 1475; baseline 0.011 -19"><span class='ocrx_word' id='word_1_150' title='bbox 75 1411 177 1475; x_wconf 82' lang='lat' dir='ltr'><strong>torqueri</strong></span> <span class='ocrx_word' id='word_1_151' title='bbox 188 1412 217 1460; x_wconf 91' lang='lat' dir='ltr'><strong>in</strong></span> <span class='ocrx_word' id='word_1_152' title='bbox 230 1411 385 1464; x_wconf 88' lang='lat' dir='ltr'><strong>minoribus</strong></span> <span class='ocrx_word' id='word_1_153' title='bbox 396 1411 476 1461; x_wconf 86' lang='lat' dir='ltr'><strong>bonis</strong></span> <span class='ocrx_word' id='word_1_154' title='bbox 488 1428 630 1473; x_wconf 75' lang='lat' dir='ltr'><strong>numeres,</strong></span> <span class='ocrx_word' id='word_1_155' title='bbox 650 1414 807 1464; x_wconf 78' lang='lat' dir='ltr'><strong>numerabis</strong></span> <span class='ocrx_word' id='word_1_156' title='bbox 818 1422 858 1465; x_wconf 88' lang='lat' dir='ltr'><strong>et·</strong></span> 
     </span>
    </p>

    <p class='ocr_par' dir='ltr' id='par_1_10' title="bbox 41 1475 856 1534">
     <span class='ocr_line' id='line_1_20' title="bbox 41 1475 856 1534; baseline 0.01 -9"><span class='ocrx_word' id='word_1_157' title='bbox 41 1477 42 1481; x_wconf 75' lang='grc'>’</span> <span class='ocrx_word' id='word_1_158' title='bbox 73 1475 112 1526; x_wconf 80' lang='lat' dir='ltr'><strong>lun</strong></span> <span class='ocrx_word' id='word_1_159' title='bbox 130 1483 155 1532; x_wconf 93' lang='lat' dir='ltr'><strong>in</strong></span> <span class='ocrx_word' id='word_1_160' title='bbox 178 1480 274 1531; x_wconf 83' lang='lat' dir='ltr'><strong>malis:</strong></span> <span class='ocrx_word' id='word_1_161' title='bbox 315 1480 354 1531; x_wconf 82' lang='lat'><strong>17.</strong></span> <span class='ocrx_word' id='word_1_162' title='bbox 374 1491 402 1531; x_wconf 86' lang='lat' dir='ltr'><strong>ct</strong></span> <span class='ocrx_word' id='word_1_163' title='bbox 417 1480 559 1533; x_wconf 76' lang='lat' dir='ltr'><strong>infelicem</strong></span> <span class='ocrx_word' id='word_1_164' title='bbox 576 1485 718 1533; x_wconf 79' lang='lat' dir='ltr'><strong>Socratem</strong></span> <span class='ocrx_word' id='word_1_165' title='bbox 736 1483 812 1534; x_wconf 88' lang='lat' dir='ltr'><strong>dices</strong></span> <span class='ocrx_word' id='word_1_166' title='bbox 830 1486 856 1533; x_wconf 94' lang='lat' dir='ltr'><strong>in</strong></span> 
     </span>
    </p>

    <p class='ocr_par' dir='ltr' id='par_1_11' title="bbox 36 1550 860 1754">
     <span class='ocr_line' id='line_1_21' title="bbox 38 1550 858 1610; baseline 0.007 -13"><span class='ocrx_word' id='word_1_167' title='bbox 38 1552 41 1553; x_wconf 71' lang='grc'>’</span> <span class='ocrx_word' id='word_1_168' title='bbox 71 1559 177 1610; x_wconf 74' lang='lat' dir='ltr'><strong>carcere,</strong></span> <span class='ocrx_word' id='word_1_169' title='bbox 208 1550 348 1601; x_wconf 75' lang='lat' dir='ltr'><strong>infelicem</strong></span> <span class='ocrx_word' id='word_1_170' title='bbox 372 1553 507 1601; x_wconf 85' lang='lat' dir='ltr'><strong>Catonem</strong></span> <span class='ocrx_word' id='word_1_171' title='bbox 540 1552 656 1601; x_wconf 83' lang='lat' dir='ltr'><strong>vulnera</strong></span> <span class='ocrx_word' id='word_1_172' title='bbox 683 1568 734 1602; x_wconf 88' lang='lat' dir='ltr'><strong>suu</strong></span> <span class='ocrx_word' id='word_1_173' title='bbox 756 1553 858 1603; x_wconf 91' lang='lat' dir='ltr'><strong>animo·</strong></span> 
     </span>
     <span class='ocr_line' id='line_1_22' title="bbox 70 1617 857 1686; baseline 0.007 -19.752"><span class='ocrx_word' id='word_1_174' title='bbox 70 1617 121 1679; x_wconf 83' lang='lat' dir='ltr'><strong>rius,</strong></span> <span class='ocrx_word' id='word_1_175' title='bbox 131 1635 211 1686; x_wconf 85' lang='lat' dir='ltr'><strong>quam</strong></span> <span class='ocrx_word' id='word_1_176' title='bbox 225 1618 568 1681; x_wconf 80' lang='lat' dir='ltr'><strong>feccrat,retractanterrr:</strong></span> <span class='ocrx_word' id='word_1_177' title='bbox 585 1621 857 1672; x_wconf 84' lang='lat' dir='ltr'><strong>calamitosissimum</strong></span> 
     </span>
     <span class='ocr_line' id='line_1_23' title="bbox 69 1688 860 1754; baseline 0.008 -18"><span class='ocrx_word' id='word_1_178' title='bbox 69 1690 174 1739; x_wconf 81' lang='lat' dir='ltr'><strong>eunium</strong></span> <span class='ocrx_word' id='word_1_179' title='bbox 194 1689 345 1754; x_wconf 83' lang='lat' dir='ltr'><strong>Regulum,</strong></span> <span class='ocrx_word' id='word_1_180' title='bbox 366 1689 433 1740; x_wconf 84' lang='lat' dir='ltr'><strong>lidei</strong></span> <span class='ocrx_word' id='word_1_181' title='bbox 449 1703 552 1754; x_wconf 88' lang='lat' dir='ltr'><strong>poenas</strong></span> <span class='ocrx_word' id='word_1_182' title='bbox 564 1690 648 1739; x_wconf 87' lang='lat' dir='ltr'><strong>etiam</strong></span> <span class='ocrx_word' id='word_1_183' title='bbox 662 1688 790 1741; x_wconf 85' lang='lat' dir='ltr'><strong>hostibus</strong></span> <span class='ocrx_word' id='word_1_184' title='bbox 802 1706 860 1742; x_wconf 88' lang='lat' dir='ltr'><strong>ser·</strong></span> 
     </span>
    </p>

    <p class='ocr_par' dir='ltr' id='par_1_12' title="bbox 32 1754 859 1897">
     <span class='ocr_line' id='line_1_24' title="bbox 32 1754 859 1825; baseline 0.005 -19"><span class='ocrx_word' id='word_1_185' title='bbox 32 1754 33 1757; x_wconf 68' lang='grc'>’</span> <span class='ocrx_word' id='word_1_186' title='bbox 68 1769 133 1810; x_wconf 82' lang='lat' dir='ltr'><strong>ratae</strong></span> <span class='ocrx_word' id='word_1_187' title='bbox 152 1760 328 1825; x_wconf 83' lang='lat' dir='ltr'><strong>pendentem.</strong></span> <span class='ocrx_word' id='word_1_188' title='bbox 368 1760 451 1824; x_wconf 83' lang='lat' dir='ltr'><strong>Atqui</strong></span> <span class='ocrx_word' id='word_1_189' title='bbox 472 1774 552 1809; x_wconf 89' lang='lat' dir='ltr'><strong>nemo</strong></span> <span class='ocrx_word' id='word_1_190' title='bbox 576 1757 629 1809; x_wconf 89' lang='lat' dir='ltr'><strong>boc</strong></span> <span class='ocrx_word' id='word_1_191' title='bbox 645 1758 753 1821; x_wconf 89' lang='lat' dir='ltr'><strong>dicere,</strong></span> <span class='ocrx_word' id='word_1_192' title='bbox 775 1776 808 1810; x_wconf 91' lang='lat' dir='ltr'><strong>ne</strong></span> <span class='ocrx_word' id='word_1_193' title='bbox 825 1775 859 1811; x_wconf 84' lang='lat' dir='ltr'><strong>ex</strong></span> 
     </span>
     <span class='ocr_line' id='line_1_25' title="bbox 66 1828 858 1897; baseline 0.004 -20"><span class='ocrx_word' id='word_1_194' title='bbox 66 1829 230 1880; x_wconf 79' lang='lat' dir='ltr'><strong>mollissimis</strong></span> <span class='ocrx_word' id='word_1_195' title='bbox 248 1828 372 1895; x_wconf 84' lang='lat' dir='ltr'><strong>quidem,</strong></span> <span class='ocrx_word' id='word_1_196' title='bbox 391 1843 477 1877; x_wconf 87' lang='lat' dir='ltr'><strong>ausus</strong></span> <span class='ocrx_word' id='word_1_197' title='bbox 492 1835 543 1879; x_wconf 89' lang='lat' dir='ltr'><strong>est.</strong></span> <span class='ocrx_word' id='word_1_198' title='bbox 574 1828 685 1897; x_wconf 85' lang='lat' dir='ltr'><strong>Negant</strong></span> <span class='ocrx_word' id='word_1_199' title='bbox 697 1831 767 1881; x_wconf 91' lang='lat' dir='ltr'><strong>enim</strong></span> <span class='ocrx_word' id='word_1_200' title='bbox 780 1830 858 1880; x_wconf 91' lang='lat' dir='ltr'><strong>illum</strong></span> 
     </span>
    </p>

    <p class='ocr_par' dir='ltr' id='par_1_13' title="bbox 0 1897 858 2175">
     <span class='ocr_line' id='line_1_26' title="bbox 16 1897 858 1964; baseline 0.002 -15"><span class='ocrx_word' id='word_1_201' title='bbox 16 1905 20 1911; x_wconf 62' lang='lat'><strong>⁴</strong></span> <span class='ocrx_word' id='word_1_202' title='bbox 64 1913 113 1949; x_wconf 82' lang='lat' dir='ltr'><strong>esse</strong></span> <span class='ocrx_word' id='word_1_203' title='bbox 124 1902 250 1958; x_wconf 83' lang='lat' dir='ltr'><strong>beatum,</strong></span> <span class='ocrx_word' id='word_1_204' title='bbox 262 1897 310 1947; x_wconf 88' lang='lat' dir='ltr'><strong>sed</strong></span> <span class='ocrx_word' id='word_1_205' title='bbox 324 1907 415 1948; x_wconf 66' lang='lat' dir='ltr'><strong>tannen</strong></span> <span class='ocrx_word' id='word_1_206' title='bbox 429 1906 533 1964; x_wconf 83' lang='lat' dir='ltr'><strong>negant</strong></span> <span class='ocrx_word' id='word_1_207' title='bbox 544 1899 686 1951; x_wconf 90' lang='lat' dir='ltr'><strong>miserum.</strong></span> <span class='ocrx_word' id='word_1_208' title='bbox 702 1900 858 1952; x_wconf 84' lang='lat' dir='ltr'><strong>Academici</strong></span> 
     </span>
     <span class='ocr_line' id='line_1_27' title="bbox 0 1967 858 2033; baseline 0.01 -20"><span class='ocrx_word' id='word_1_209' title='bbox 0 1968 10 2033; x_wconf 61' lang='lat' dir='ltr'><strong>*j</strong></span> <span class='ocrx_word' id='word_1_210' title='bbox 63 1979 161 2021; x_wconf 86' lang='lat' dir='ltr'><strong>reteres</strong></span> <span class='ocrx_word' id='word_1_211' title='bbox 177 1971 292 2019; x_wconf 89' lang='lat' dir='ltr'><strong>beatum</strong></span> <span class='ocrx_word' id='word_1_212' title='bbox 310 1967 422 2033; x_wconf 91' lang='lat' dir='ltr'><strong>quidem</strong></span> <span class='ocrx_word' id='word_1_213' title='bbox 440 1984 500 2019; x_wconf 89' lang='lat' dir='ltr'><strong>esse</strong></span> <span class='ocrx_word' id='word_1_214' title='bbox 510 1970 595 2020; x_wconf 82' lang='lat' dir='ltr'><strong>etiam</strong></span> <span class='ocrx_word' id='word_1_215' title='bbox 608 1970 682 2021; x_wconf 85' lang='lat' dir='ltr'><strong>inter</strong></span> <span class='ocrx_word' id='word_1_216' title='bbox 692 1967 743 2023; x_wconf 89' lang='lat' dir='ltr'><strong>hos</strong></span> <span class='ocrx_word' id='word_1_217' title='bbox 754 1975 858 2022; x_wconf 89' lang='lat' dir='ltr'><strong>crucia·</strong></span> 
     </span>
     <span class='ocr_line' id='line_1_28' title="bbox 2 2036 856 2108; baseline 0.004 -21"><span class='ocrx_word' id='word_1_218' title='bbox 2 2098 3 2102; x_wconf 10' lang='grc' dir='ltr'><strong>Ἰ</strong></span> <span class='ocrx_word' id='word_1_219' title='bbox 61 2049 99 2090; x_wconf 86' lang='lat' dir='ltr'><strong>tus</strong></span> <span class='ocrx_word' id='word_1_220' title='bbox 109 2038 253 2098; x_wconf 82' lang='lat' dir='ltr'><strong>intentur,</strong></span> <span class='ocrx_word' id='word_1_221' title='bbox 269 2036 318 2087; x_wconf 80' lang='lat' dir='ltr'><strong>sed</strong></span> <span class='ocrx_word' id='word_1_222' title='bbox 332 2052 385 2087; x_wconf 90' lang='lat' dir='ltr'><strong>non</strong></span> <span class='ocrx_word' id='word_1_223' title='bbox 395 2037 429 2088; x_wconf 87' lang='lat' dir='ltr'><strong>ad</strong></span> <span class='ocrx_word' id='word_1_224' title='bbox 443 2038 607 2105; x_wconf 80' lang='lat' dir='ltr'><strong>perlectum,</strong></span> <span class='ocrx_word' id='word_1_225' title='bbox 618 2056 670 2091; x_wconf 91' lang='lat' dir='ltr'><strong>nec</strong></span> <span class='ocrx_word' id='word_1_226' title='bbox 682 2041 717 2091; x_wconf 89' lang='lat' dir='ltr'><strong>ad</strong></span> <span class='ocrx_word' id='word_1_227' title='bbox 732 2044 856 2108; x_wconf 92' lang='lat' dir='ltr'><strong>plenum:</strong></span> 
     </span>
     <span class='ocr_line' id='line_1_29' title="bbox 58 2106 858 2175; baseline 0 -16"><span class='ocrx_word' id='word_1_228' title='bbox 58 2109 124 2174; x_wconf 84' lang='lat' dir='ltr'><strong>quod</strong></span> <span class='ocrx_word' id='word_1_229' title='bbox 136 2110 216 2160; x_wconf 92' lang='lat' dir='ltr'><strong>nullo</strong></span> <span class='ocrx_word' id='word_1_230' title='bbox 230 2106 315 2156; x_wconf 88' lang='lat' dir='ltr'><strong>modo</strong></span> <span class='ocrx_word' id='word_1_231' title='bbox 330 2114 423 2172; x_wconf 88' lang='lat' dir='ltr'><strong>potest</strong></span> <span class='ocrx_word' id='word_1_232' title='bbox 433 2110 528 2175; x_wconf 84' lang='lat' dir='ltr'><strong>recipi.</strong></span> <span class='ocrx_word' id='word_1_233' title='bbox 571 2110 610 2161; x_wconf 81' lang='grc'><strong>18.</strong></span> <span class='ocrx_word' id='word_1_234' title='bbox 622 2110 685 2161; x_wconf 83' lang='lat' dir='ltr'><strong>Nisi</strong></span> <span class='ocrx_word' id='word_1_235' title='bbox 697 2113 858 2169; x_wconf 72' lang='lat' dir='ltr'><strong>bectonem,</strong></span> 
     </span>
    </p>

    <p class='ocr_par' dir='ltr' id='par_1_14' title="bbox 55 2177 859 2316">
     <span class='ocr_line' id='line_1_30' title="bbox 57 2177 859 2240; baseline 0.001 -13"><span class='ocrx_word' id='word_1_236' title='bbox 57 2177 79 2228; x_wconf 83' lang='lat' dir='ltr'><strong>is</strong></span> <span class='ocrx_word' id='word_1_237' title='bbox 88 2196 199 2231; x_wconf 86' lang='lat' dir='ltr'><strong>summo</strong></span> <span class='ocrx_word' id='word_1_238' title='bbox 212 2180 285 2227; x_wconf 91' lang='lat' dir='ltr'><strong>bono</strong></span> <span class='ocrx_word' id='word_1_239' title='bbox 299 2184 413 2227; x_wconf 79' lang='lat' dir='ltr'><strong>nonest</strong></span> <span class='ocrx_word' id='word_1_240' title='bbox 450 2179 529 2240; x_wconf 76' lang='lat' dir='ltr'><strong>Quod</strong></span> <span class='ocrx_word' id='word_1_241' title='bbox 542 2195 678 2229; x_wconf 85' lang='lat' dir='ltr'><strong>summum</strong></span> <span class='ocrx_word' id='word_1_242' title='bbox 691 2181 793 2229; x_wconf 88' lang='lat' dir='ltr'><strong>bonum</strong></span> <span class='ocrx_word' id='word_1_243' title='bbox 808 2187 859 2238; x_wconf 86' lang='lat' dir='ltr'><strong>cst,</strong></span> 
     </span>
     <span class='ocr_line' id='line_1_31' title="bbox 55 2245 858 2316; baseline -0.005 -18"><span class='ocrx_word' id='word_1_244' title='bbox 55 2264 136 2316; x_wconf 79' lang='lat' dir='ltr'><strong>supra</strong></span> <span class='ocrx_word' id='word_1_245' title='bbox 147 2265 179 2300; x_wconf 86' lang='lat' dir='ltr'><strong>se</strong></span> <span class='ocrx_word' id='word_1_246' title='bbox 192 2246 312 2314; x_wconf 79' lang='lat' dir='ltr'><strong>gradum</strong></span> <span class='ocrx_word' id='word_1_247' title='bbox 325 2261 378 2295; x_wconf 89' lang='lat' dir='ltr'><strong>non</strong></span> <span class='ocrx_word' id='word_1_248' title='bbox 390 2245 486 2298; x_wconf 83' lang='lat' dir='ltr'><strong>babet:</strong></span> <span class='ocrx_word' id='word_1_249' title='bbox 498 2248 611 2298; x_wconf 90' lang='lat' dir='ltr'><strong>simodo</strong></span> <span class='ocrx_word' id='word_1_250' title='bbox 625 2249 664 2298; x_wconf 87' lang='lat' dir='ltr'><strong>illi</strong></span> <span class='ocrx_word' id='word_1_251' title='bbox 678 2249 765 2298; x_wconf 85' lang='lat' dir='ltr'><strong>virtus</strong></span> <span class='ocrx_word' id='word_1_252' title='bbox 778 2249 858 2307; x_wconf 84' lang='lat' dir='ltr'><strong>inest,</strong></span> 
     </span>
    </p>

    <p class='ocr_par' dir='ltr' id='par_1_15' title="bbox 48 2317 878 2669">
     <span class='ocr_line' id='line_1_32' title="bbox 55 2317 857 2378; baseline -0.005 -10"><span class='ocrx_word' id='word_1_253' title='bbox 55 2320 75 2370; x_wconf 88' lang='lat' dir='ltr'><strong>ri</strong></span> <span class='ocrx_word' id='word_1_254' title='bbox 83 2320 160 2370; x_wconf 86' lang='lat' dir='ltr'><strong>illam</strong></span> <span class='ocrx_word' id='word_1_255' title='bbox 177 2318 301 2368; x_wconf 79' lang='lat' dir='ltr'><strong>adversa</strong></span> <span class='ocrx_word' id='word_1_256' title='bbox 314 2331 366 2370; x_wconf 87' lang='lat' dir='ltr'><strong>non</strong></span> <span class='ocrx_word' id='word_1_257' title='bbox 380 2317 519 2378; x_wconf 87' lang='lat' dir='ltr'><strong>minuunt,</strong></span> <span class='ocrx_word' id='word_1_258' title='bbox 541 2317 566 2367; x_wconf 90' lang='lat' dir='ltr'><strong>si</strong></span> <span class='ocrx_word' id='word_1_259' title='bbox 579 2325 671 2367; x_wconf 81' lang='lat' dir='ltr'><strong>munet</strong></span> <span class='ocrx_word' id='word_1_260' title='bbox 683 2319 766 2368; x_wconf 85' lang='lat' dir='ltr'><strong>etiam</strong></span> <span class='ocrx_word' id='word_1_261' title='bbox 784 2332 857 2366; x_wconf 93' lang='lat' dir='ltr'><strong>com-</strong></span> 
     </span>
     <span class='ocr_line' id='line_1_33' title="bbox 54 2384 859 2451; baseline -0.006 -11"><span class='ocrx_word' id='word_1_262' title='bbox 54 2391 158 2440; x_wconf 71' lang='lat' dir='ltr'><strong>minuto</strong></span> <span class='ocrx_word' id='word_1_263' title='bbox 172 2400 293 2451; x_wconf 85' lang='lat' dir='ltr'><strong>corpore</strong></span> <span class='ocrx_word' id='word_1_264' title='bbox 303 2384 460 2435; x_wconf 90' lang='lat' dir='ltr'><strong>incolumis.</strong></span> <span class='ocrx_word' id='word_1_265' title='bbox 482 2385 579 2436; x_wconf 86' lang='lat' dir='ltr'><strong>Manet</strong></span> <span class='ocrx_word' id='word_1_266' title='bbox 591 2394 694 2437; x_wconf 87' lang='lat' dir='ltr'><strong>autem.</strong></span> <span class='ocrx_word' id='word_1_267' title='bbox 718 2387 859 2438; x_wconf 86' lang='lat' dir='ltr'><strong>Virtutem</strong></span> 
     </span>
     <span class='ocr_line' id='line_1_34' title="bbox 52 2454 861 2521; baseline -0.009 -11"><span class='ocrx_word' id='word_1_268' title='bbox 52 2462 122 2510; x_wconf 78' lang='lat' dir='ltr'><strong>enirn</strong></span> <span class='ocrx_word' id='word_1_269' title='bbox 135 2457 271 2521; x_wconf 81' lang='lat' dir='ltr'><strong>intelligo</strong></span> <span class='ocrx_word' id='word_1_270' title='bbox 283 2454 437 2505; x_wconf 87' lang='lat' dir='ltr'><strong>animosam</strong></span> <span class='ocrx_word' id='word_1_271' title='bbox 451 2463 478 2504; x_wconf 89' lang='lat' dir='ltr'><strong>et</strong></span> <span class='ocrx_word' id='word_1_272' title='bbox 490 2454 645 2506; x_wconf 86' lang='lat' dir='ltr'><strong>excelsam:</strong></span> <span class='ocrx_word' id='word_1_273' title='bbox 658 2470 738 2520; x_wconf 86' lang='lat' dir='ltr'><strong>quem</strong></span> <span class='ocrx_word' id='word_1_274' title='bbox 752 2455 861 2517; x_wconf 85' lang='lat' dir='ltr'><strong>incitat,</strong></span> 
     </span>
     <span class='ocr_line' id='line_1_35' title="bbox 51 2524 861 2596; baseline -0.007 -17"><span class='ocrx_word' id='word_1_275' title='bbox 51 2527 187 2596; x_wconf 76' lang='lat' dir='ltr'><strong>quidquid</strong></span> <span class='ocrx_word' id='word_1_276' title='bbox 208 2525 333 2576; x_wconf 79' lang='lat' dir='ltr'><strong>infestat.</strong></span> <span class='ocrx_word' id='word_1_277' title='bbox 376 2525 457 2574; x_wconf 83' lang='lat' dir='ltr'><strong>llunc</strong></span> <span class='ocrx_word' id='word_1_278' title='bbox 476 2524 596 2575; x_wconf 87' lang='lat' dir='ltr'><strong>animum</strong></span> <span class='ocrx_word' id='word_1_279' title='bbox 617 2540 696 2592; x_wconf 86' lang='lat' dir='ltr'><strong>quem</strong></span> <span class='ocrx_word' id='word_1_280' title='bbox 720 2541 802 2590; x_wconf 85' lang='lat' dir='ltr'><strong>saepe</strong></span> <span class='ocrx_word' id='word_1_281' title='bbox 823 2525 861 2573; x_wconf 91' lang='lat' dir='ltr'><strong>in·</strong></span> 
     </span>
     <span class='ocr_line' id='line_1_36' title="bbox 48 2592 878 2669; baseline -0.002 -21"><span class='ocrx_word' id='word_1_282' title='bbox 48 2598 134 2649; x_wconf 82' lang='lat' dir='ltr'><strong>duom</strong></span> <span class='ocrx_word' id='word_1_283' title='bbox 140 2610 304 2664; x_wconf 74' lang='lat' dir='ltr'><strong>gerrerosee</strong></span> <span class='ocrx_word' id='word_1_284' title='bbox 317 2594 423 2649; x_wconf 88' lang='lat' dir='ltr'><strong>indolis</strong></span> <span class='ocrx_word' id='word_1_285' title='bbox 435 2595 570 2663; x_wconf 82' lang='lat' dir='ltr'><strong>iuvenes,</strong></span> <span class='ocrx_word' id='word_1_286' title='bbox 580 2613 652 2669; x_wconf 72' lang='lat' dir='ltr'><strong>quos</strong></span> <span class='ocrx_word' id='word_1_287' title='bbox 662 2592 878 2651; x_wconf 70' lang='lat' dir='ltr'><strong>alicuiusbnne·</strong></span> 
     </span>
    </p>

    <p class='ocr_par' dir='ltr' id='par_1_16' title="bbox 34 2665 904 2743">
     <span class='ocr_line' id='line_1_37' title="bbox 34 2665 904 2743; baseline 0 -29"><span class='ocrx_word' id='word_1_288' title='bbox 34 2673 97 2715; x_wconf 73' lang='lat' dir='ltr'><strong>stae</strong></span> <span class='ocrx_word' id='word_1_289' title='bbox 117 2666 162 2714; x_wconf 81' lang='lat' dir='ltr'><strong>rei</strong></span> <span class='ocrx_word' id='word_1_290' title='bbox 180 2665 377 2732; x_wconf 84' lang='lat' dir='ltr'><strong>pnlcbritudo</strong></span> <span class='ocrx_word' id='word_1_291' title='bbox 398 2675 565 2743; x_wconf 80' lang='lat' dir='ltr'><strong>percussit,</strong></span> <span class='ocrx_word' id='word_1_292' title='bbox 592 2683 629 2729; x_wconf 77' lang='lat' dir='ltr'><strong>ut</strong></span> <span class='ocrx_word' id='word_1_293' title='bbox 649 2675 755 2729; x_wconf 79' lang='lat' dir='ltr'><strong>omma</strong></span> <span class='ocrx_word' id='word_1_294' title='bbox 769 2668 904 2722; x_wconf 66' lang='lat' dir='ltr'><strong>tormina</strong></span> 
     </span>
    </p>
   </div>
   <div class='ocr_carea' id='block_1_3' title="bbox 0 0 924 3456">
    <p class='ocr_par' dir='ltr' id='par_1_17' title="bbox 0 0 924 3456">
     <span class='ocr_line' id='line_1_38' title="bbox 0 0 924 3456; baseline 0 2"><span class='ocrx_word' id='word_1_295' title='bbox 0 0 924 3456; x_wconf 95' lang='lat' dir='ltr'><strong> </strong></span> 
     </span>
    </p>
   </div>
  </div>
 </body>
</html>
