1912 3534
258 556 557 611 uplsrobnu.
596 559 636 614 19.
813 562 850 619 45

35 693 90 730 usa
102 677 290 743 consequeris
301 677 393 739 niodo,
406 677 429 727 si
441 685 468 730 ts
481 683 563 730 etiam
577 680 637 733 sine
648 682 706 734 illis
717 683 800 735 beate
809 686 850 735 vi-

38 756 149 799 cturum
167 748 344 813 persuaseris
363 748 427 803 tibi:
448 749 472 798 si
492 750 556 800 illas
572 758 702 817 tanquam
723 754 848 805 exituras

37 832 150 884 semper
163 816 339 883 adspexeris.
377 816 430 868 Sed
447 819 502 869 iani
520 821 683 887 incipiamus
699 823 848 888 epistolam

38 888 220 953 complicare.
256 886 757 956 Prius,inquis,reddequoddebes.
794 893 849 943 Dc·
927 949 928 953 ,

39 957 141 1024 icgsbo
153 958 205 1008 tibi
217 957 380 1021 Epicurum:
398 958 432 1006 ab
445 958 496 1009 illo
508 959 558 1010 liet
568 961 735 1012 numeratio.
773 961 849 1024 „lin
929 955 932 961 “

39 1027 150 1078 modica
162 1028 208 1077 ira
221 1027 311 1095 gignit
324 1025 492 1078 insaniam.“
529 1029 592 1080 llos
603 1044 684 1095 quam
698 1045 791 1080 verum
804 1033 849 1091 sit,

40 1103 211 1150 occasa-est
221 1098 305 1159 scias,
313 1111 393 1162 quum
408 1094 538 1149 habueris
549 1106 577 1149 et
588 1113 708 1159 servum,
720 1106 748 1149 et
758 1099 850 1149 inimi·

40 1182 112 1218 cum.
133 1166 175 1216 ll.
195 1169 226 1218 ln
239 1181 335 1217 omncs
348 1180 481 1231 personas
493 1166 539 1218 hic
550 1168 707 1220 exardescit
718 1168 848 1219 affectunt

41 1245 96 1287 tam
113 1250 148 1286 es
166 1251 263 1287 amors
280 1237 418 1297 nascitur,
441 1252 523 1303 quam
540 1252 574 1288 ex
591 1239 672 1289 odio:
690 1254 745 1289 non
759 1239 848 1289 minus

41 1307 114 1357 inter
125 1306 213 1367 scria,
225 1321 308 1372 quam
321 1307 394 1356 inter
406 1306 482 1356 lusus
493 1314 522 1359 et
533 1307 619 1359 iocos.
653 1307 712 1359 Nec
723 1311 849 1370 intsrcst,
888 1307 893 1316 '

42 1392 73 1427 ex
86 1391 170 1442 quam
185 1390 286 1442 magns
297 1390 382 1426 causa
395 1384 540 1438 nascatur,
562 1377 610 1427 sed
623 1380 650 1429 in
662 1379 771 1444 qualem
785 1393 847 1444 per·
860 1429 862 1435 .

42 1447 134 1498 veniat
151 1446 286 1495 animum.
323 1443 519 1509 sicignano„
532 1447 619 1497 refert
628 1463 709 1513 qoam
722 1462 848 1513 magnus,

42 1517 88 1567 sed
106 1530 162 1582 quo
179 1515 293 1566 incidat.
329 1514 399 1566 Nam
420 1518 504 1567 etiam
522 1519 671 1567 maximum
688 1518 780 1567 solida
793 1532 848 1566 non

42 1592 224 1652 receperunt:
246 1600 341 1636 rursus
353 1583 442 1648 arida,
465 1592 493 1636 et
505 1585 607 1650 corripi
620 1584 724 1647 facilia,
740 1585 848 1636 scintil-

42 1653 95 1706 lam
108 1670 222 1723 quoque
232 1654 328 1705 fovent
341 1656 466 1720 usquein
479 1654 646 1705 incendium.
683 1654 727 1705 lta
738 1663 789 1716 cst,
810 1656 848 1706 mi

43 1725 140 1787 Lucili,
150 1726 276 1793 ingentis
287 1726 345 1775 ime
356 1725 458 1786 esitus,
470 1725 549 1776 saror
560 1729 616 1776 ests
639 1733 666 1775 et
678 1725 743 1775 ideo
754 1727 797 1775 ira
807 1728 848 1776 si·

47 1796 129 1847 tanda
139 1803 194 1858 est,
206 1811 261 1845 non
274 1792 473 1845 moderationis
484 1810 578 1857 causa,
589 1793 638 1844 sed
650 1797 789 1847 sanitatis.

256 1897 506 1949 EPISTOLA
545 1897 629 1951 xlx.

45 1967 192 2010 omittendas
208 1972 254 2008 aut
268 1965 414 2008 abiiciendiss
429 1966 608 2023 compatientes,
624 1974 647 2010 st
661 1966 737 2010 otissm
747 1972 849 2022 captan-

68 2026 121 2066 dum
129 2040 139 2073 ,·
153 2024 196 2065 ssd
204 2026 290 2068 otium.
299 2035 348 2064 nnn
356 2021 466 2064 latebras.
496 2023 579 2065 Mouet
588 2023 616 2065 nb
626 2025 683 2065 nilla
692 2029 715 2064 et
724 2024 849 2078 splendore

68 2080 149 2127 obire,
164 2093 225 2135 qnae
237 2078 353 2120 scannullas
362 2076 480 2130 etfluotus
490 2091 545 2121 suos
555 2076 663 2120 hisbeant.
696 2078 811 2120 Clausala
820 2077 849 2118 ab

67 2139 144 2179 eodm
154 2134 291 2188 magistro:
313 2132 368 2174 l's'ds
377 2133 516 2189 quibuscum
527 2146 608 2176 menso
617 2133 784 2175 communices.

91 2208 214 2262 Exsulto
228 2206 357 2273 quotiens
370 2205 506 2271 epistolas
518 2212 579 2256 toas
591 2207 709 2271 accipio.
729 2206 850 2272 implent

46 2283 110 2330 enirn
131 2294 176 2329 sne
191 2279 268 2329 bona
286 2290 349 2341 spe:
369 2277 424 2327 iam
442 2291 496 2325 non
509 2276 778 2342 promittuntdete,
799 2275 848 2326 scd

45 2348 186 2415 spondent.
216 2348 259 2398 lts
272 2343 327 2405 fac,
339 2361 388 2397 oro
400 2352 484 2413 atque
497 2345 625 2397 obsecro:
637 2346 702 2413 quid
715 2349 788 2397 enim
803 2343 850 2396 ha·

44 2419 89 2471 beo
109 2418 228 2480 melius,
248 2417 322 2483 qood
341 2417 460 2467 amicum
477 2431 586 2483 rogem,
610 2432 691 2484 quam
707 2418 780 2483 quod
799 2430 848 2483 pro

44 2491 100 2554 ipso
112 2495 270 2554 rogaturus
283 2485 360 2537 sumi
372 2484 400 2536 Si
409 2485 609 2552 potes,subduc
620 2496 647 2539 te
659 2488 720 2538 istis
733 2502 849 2553 occupa·

44 2560 179 2610 tionibus:
201 2559 226 2609 si
243 2558 350 2616 minus,
369 2557 455 2621 eripe.
492 2555 567 2606 Satis
584 2558 701 2608 multum
715 2557 849 2621 temporis

43 2630 207 2696 sparsimus,
229 2625 394 2691 incipiamus
415 2626 442 2675 in
464 2635 607 2677 senectute
622 2642 688 2678 vaso
706 2627 849 2692 colligere.

44 2696 180 2766 Numquid
193 2696 364 2748 invidiosum
378 2695 437 2746 esti
461 2697 490 2747 ln
503 2695 575 2746 freto
592 2697 727 2756 risimus,
748 2694 849 2744 moria-

43 2782 98 2820 mur
110 2771 139 2820 in
156 2774 252 2834 portu.
290 2764 387 2830 Neque
403 2780 456 2832 ego
472 2766 607 2816 suaserim
624 2764 675 2814 tibi
694 2778 795 2813 nomen
815 2778 850 2814 ex

43 2841 97 2890 osio
110 2846 223 2906 petere,
235 2834 309 2904 quud
322 2850 372 2886 nec
384 2837 489 2886 iactare
500 2835 597 2895 debes,
610 2849 660 2884 nec
670 2832 849 2884 abscondere.

42 2907 225 2976 2Nonquom
239 2906 313 2958 enini
327 2919 413 2970 usque
425 2920 458 2954 en
478 2910 507 2953 tc
525 2904 649 2968 abigam,
671 2902 781 2969 generis
798 2901 835 2952 hu

44 2980 115 3029 nani
128 2978 227 3030 furore
239 2975 388 3033 damnato,
411 2980 442 3026 ut
453 2975 589 3024 latebram
602 2973 651 3022 tibi
663 2973 785 3040 aliquam
797 2987 846 3038 pa·

44 3052 97 3098 rari
109 3058 139 3100 et
151 3048 324 3098 oblivionem
336 3045 426 3095 velini.
446 3045 475 3094 ld
489 3058 551 3115 nge,
561 3049 594 3096 ut
607 3042 790 3096 otiumtuum
797 3057 859 3095 nnn

42 3120 163 3171 mineat,
186 3115 240 3166 ssd
260 3123 408 3182 appareat.
447 3116 563 3174 Deinde
585 3118 730 3177 videbunt
750 3117 881 3179 delato,
