1942 3360
78 553 85 596 i
184 553 466 608 irrisionis.
502 555 545 609 82.
744 555 762 610 3

60 683 76 739 t,
91 679 208 728 mortem
221 677 322 728 malurn
334 689 386 727 non
400 691 468 727 esse.
505 674 588 727 Libet
601 677 681 740 enirn,
701 672 759 728 Lu·

60 761 147 798 'orum
160 749 277 814 optime,
299 747 389 798 ridere
406 745 524 812 ineptias
540 746 674 808 Graecus,
694 762 763 814 quos

60 833 94 879 nr,
117 820 240 883 quamvis
253 816 344 878 mirer,
365 815 483 866 excussi.
520 814 595 866 Zeno
606 824 701 867 noster
711 816 764 867 huo

60 887 135 938 tione
155 889 256 938 utitur:
277 886 389 938 Nullum
412 886 513 936 nrolum
534 885 685 952 gloriosum
707 893 763 936 est:

60 968 144 1008 tutem
155 957 279 1025 gloriose
292 964 346 1007 est:
368 970 441 1007 mors
457 968 522 1022 ergo
535 970 588 1005 non
600 961 643 1006 est
654 955 763 1004 malum.

60 1026 176 1079 »iecistil
194 1026 327 1077 liberatus
342 1041 402 1075 sum
420 1031 507 1076 metu:
528 1022 687 1090 posthaec,
709 1039 764 1074 non

60 1098 100 1149 bo
113 1095 411 1163 porrigerecervicem!
424 1096 484 1146 Non
495 1096 537 1145 ris
546 1096 670 1147 severius
681 1094 766 1161 toqui,

60 1167 167 1219 orituro
183 1168 267 1216 risum
290 1163 418 1217 movere!
439 1164 500 1216 Non
512 1163 669 1217 mehercule
681 1164 765 1214 focile

60 1234 155 1296 serim,
175 1242 268 1288 utrum
280 1235 402 1301 ineptior
411 1233 504 1296 fuerit,
522 1236 569 1304 qui
579 1251 609 1288 se
618 1233 670 1287 buo
680 1235 766 1285 inter·

60 1319 113 1357 nne
128 1304 263 1357 iudicarit
277 1305 375 1356 mortis
396 1311 498 1356 metum
519 1306 708 1374 exstinguere:
730 1318 766 1353 un

60 1389 77 1426 e
90 1382 220 1442 tanquam
232 1373 335 1426 adrem
348 1375 508 1440 pertineret,
530 1382 645 1426 conatus
658 1381 700 1426 est
711 1373 767 1424 sol·

75 1443 146 1496 niun
163 1445 264 1513 etipse
280 1444 527 1511 interrogationem
540 1445 704 1495 eontrarium
719 1458 765 1509 op·

60 1530 73 1578 :,
93 1529 127 1566 ex
139 1528 172 1566 eo
184 1522 285 1576 nutam,
306 1513 378 1581 quod
391 1519 508 1563 mortem
519 1512 593 1564 inter
603 1511 765 1564 indifferen-

60 1585 157 1646 nimus,
170 1600 240 1652 quae
252 1581 383 1650 ἀδιάφορα
393 1580 496 1634 Graeci
505 1588 613 1633 vocent.
641 1582 666 1634 9.
679 1579 758 1632 Nihil

63 1689 70 1716 ,
90 1653 250 1706 indifferens
268 1652 419 1720 gloriosum
436 1658 492 1704 est:
513 1666 588 1703 mors
604 1658 697 1704 autom
709 1650 767 1719 glo-

60 1738 75 1774 n
87 1731 141 1775 est:
161 1739 227 1792 ergo
237 1736 310 1773 mors
322 1736 375 1772 non
387 1721 557 1773 indifferens.
593 1722 670 1773 Hono
680 1722 766 1772 inter·

60 1796 79 1844 io
100 1793 177 1845 vidos
193 1796 238 1845 ubi
255 1792 379 1861 obrepat.
416 1793 494 1844 Mors
509 1808 562 1844 nun
578 1799 621 1845 et
631 1792 766 1861 gloriosa,

63 1863 144 1914 rtiter
160 1865 228 1914 mori
244 1862 397 1929 gloriosum
410 1870 466 1916 est:
487 1869 515 1913 et
525 1878 606 1930 quum
619 1862 701 1922 dicit,
724 1864 766 1914 ln·

61 1948 100 1984 ens
110 1931 177 1983 nibil
188 1933 340 2002 gloriosum
352 1941 407 1984 est:
428 1931 550 1985 concedo
559 1934 611 1984 tibi
622 1934 668 1994 itu,
681 1937 712 1982 ut
723 1931 765 1982 di·

65 2001 128 2054 nibil
145 2002 295 2068 gloriosum
313 2016 388 2066 esse,
405 2003 459 2053 nisi
477 2004 551 2053 uiros
563 2000 754 2053 indifferentia

61 2088 107 2123 nrm
120 2071 307 2125 indifferentis
317 2087 378 2124 esse
389 2071 460 2134 dico,
473 2070 500 2122 id
511 2076 554 2122 est
565 2085 615 2121 nec
625 2073 706 2128 bono,
717 2083 768 2120 neo

80 2144 217 2206 morbum,
239 2142 378 2203 dolorem,
401 2148 608 2207 paupertatem,
630 2138 768 2197 exsilium,

61 2227 101 2262 m:
123 2213 192 2264 nihil
203 2210 300 2262 horum
312 2225 361 2277 per
370 2227 400 2262 se
410 2210 562 2279 gloriosum
575 2215 626 2270 est,
646 2206 716 2259 nihil
728 2214 769 2258 tu·

61 2282 103 2333 ine
114 2282 164 2333 his.
199 2281 238 2333 to.
251 2281 394 2332 inudutur
403 2283 473 2331 enirn
487 2295 540 2330 non
552 2287 709 2348 pnrrportss,
719 2277 768 2330 sed

61 2367 86 2403 m
107 2368 160 2404 non
173 2351 322 2413 submittit,
344 2366 396 2402 nec
412 2350 549 2401 incurrat:
571 2349 768 2402 laudaturnon

61 2437 114 2484 um,
135 2422 184 2475 sed
196 2421 243 2488 qui
259 2420 311 2471 hoc
324 2435 379 2471 non
390 2420 492 2473 doluit:
514 2420 644 2472 laudatur
655 2436 708 2473 non
721 2421 769 2472 do·

61 2492 80 2544 d
92 2493 141 2544 ilie
152 2506 233 2559 quem
246 2489 315 2541 nihii
325 2492 417 2559 coegit
428 2491 518 2542 dolor.
551 2491 638 2544 Nemo
649 2497 768 2542 mortem

61 2580 77 2626 :,
98 2562 148 2615 sed
172 2577 233 2613 eum
256 2563 299 2614 oui
320 2576 393 2612 mors
414 2570 480 2613 onte
500 2562 618 2613 obstulit
638 2563 770 2623 animum,

65 2632 251 2686 conturbavit.
288 2630 387 2682 omniu
401 2632 457 2683 istu
472 2646 521 2698 per
535 2648 565 2683 se
580 2646 633 2681 nun
647 2635 711 2680 sunt
722 2628 770 2680 bo·

64 2718 117 2755 nec
128 2702 266 2771 glorioso:
288 2700 335 2753 sod
347 2701 480 2769 quidquid
492 2701 581 2752 rirtus
590 2715 626 2752 ex
636 2697 771 2751 illisotiiit

61 2778 171 2841 vitque,
190 2769 335 2823 honestum
348 2779 375 2821 ot
386 2772 536 2839 gloriosum
550 2769 626 2821 fouit.
666 2768 705 2820 11.
718 2768 770 2819 iiis

61 2843 99 2897 iio
112 2842 202 2910 posito
214 2848 290 2894 sunit
306 2841 430 2902 interest,
441 2847 533 2891 utrum
545 2838 654 2889 mulitia
665 2837 722 2888 iilis
735 2853 769 2888 sn

73 2928 186 2967 manum
205 2911 368 2965 admoverit.
402 2909 479 2960 Mors
489 2910 561 2960 enim
573 2908 637 2970 iila,
660 2907 768 2977 quaein

61 3000 73 3038 e
84 2983 210 3054 gloriosa
221 2989 272 3044 est,
282 2980 402 3032 inBruto
412 2979 505 3030 statirn
518 2978 606 3045 turpis
618 2984 660 3030 est
671 2985 699 3030 et
708 2993 769 3029 eru·

61 3055 116 3107 tus.
153 3053 207 3105 iiio
218 3060 261 3104 est
271 3054 342 3103 enim
354 3052 464 3112 Brutus,
481 3049 527 3118 qui
538 3063 621 3119 quum
631 3050 775 3120 periturus

61 3141 66 3172 ι
87 3135 180 3174 morus
198 3129 354 3187 quaereret,
374 3121 411 3176 ud
426 3121 789 3257 exoneknptiumtentrem
