1838 3456
69 586 122 638 204
351 582 577 635 SENECAE

70 705 212 756 muniendi
234 717 338 754 sumus.
376 702 476 754 Nullus
500 711 593 754 autem
616 709 716 753 contre
731 701 869 753 fortunam

69 771 290 839 inexpugnabilis
304 786 397 823 murus
408 779 463 823 est:
475 772 550 822 intus
563 773 745 823 instruemur.
781 773 822 823 20.
841 772 866 822 Si

69 844 120 894 iiie
143 856 205 909 pers
228 846 289 892 tutu
309 848 362 901 est,
386 841 492 907 pulsuri
515 838 598 892 bomo
616 847 719 907 potest,
740 840 803 906 cepi
819 856 866 891 non

70 920 171 978 potest.
208 908 289 973 Quod
305 909 411 963 sithoc
426 913 659 972 instrumentum,
678 911 752 961 scire
763 910 866 962 deside·

70 980 132 1033 rusi
144 978 219 1033 Nihil
229 980 392 1047 indignetur
402 978 802 1047 sibiaccidere,seiotque,iiis
812 982 867 1045 ipss

70 1050 170 1117 quibus
190 1048 263 1101 iaedi
284 1049 406 1112 videtur,
432 1049 468 1100 ud
491 1051 732 1101 contemtionem
753 1050 867 1100 universi

70 1121 225 1187 pertinere,
245 1125 273 1170 et
288 1132 322 1169 ex
338 1117 380 1168 bis
397 1133 471 1180 esse,
492 1132 562 1186 quoe
578 1133 688 1170 cursum
706 1118 866 1170 mundioffi·

71 1192 198 1255 ciumque
220 1193 420 1239 consumment.
457 1185 572 1240 Pisceut
592 1185 713 1248 bomini,
741 1185 867 1256 quidquid

70 1259 131 1311 Deo
144 1257 262 1324 placuit:
284 1256 319 1307 ob
331 1256 384 1307 boc
393 1258 513 1323 seipsum
525 1272 631 1324 susque
646 1256 781 1319 miretur,
801 1257 868 1324 quoi
917 1290 918 1293 =

70 1342 124 1378 non
136 1331 230 1392 potest
240 1326 321 1387 rinei,
343 1325 416 1391 quod
429 1326 504 1378 meio
515 1329 575 1393 ipsu
585 1327 636 1378 sub
649 1343 680 1378 se
691 1334 779 1389 tenet,
800 1324 868 1393 quod

30 1424 33 1431 ·
70 1396 192 1457 ratione,
211 1409 266 1462 quo
281 1394 419 1447 valentius
431 1395 497 1448 nihil
508 1396 563 1460 e'st,
584 1411 680 1448 ossum
693 1394 868 1462 doloremque

70 1474 98 1518 et
119 1463 248 1515 iniurium
271 1463 386 1530 subigit.
422 1465 464 1516 21.
488 1469 556 1518 Arne
571 1466 725 1519 rationem:
747 1464 828 1516 buius
843 1472 868 1515 te

70 1550 149 1587 emor
170 1540 268 1585 contre
285 1533 435 1585 durissimo
449 1536 580 1587 armabit.
617 1535 784 1587 Catulorum
796 1547 868 1585 emor

70 1606 97 1657 in
109 1604 246 1657 venabulo
258 1604 387 1670 impingit
398 1603 487 1666 feros,
498 1619 566 1673 ques
579 1604 678 1656 irrites
689 1609 719 1655 et
729 1603 865 1656 inconsul-

70 1684 114 1726 tus
129 1675 248 1741 impetus
264 1678 391 1740 praestet
406 1674 573 1725 indomitus:
596 1673 732 1725 iuvenilis
748 1688 865 1725 nonnun-

70 1760 149 1811 qusm
167 1745 277 1808 ingenia
293 1741 392 1808 cupido
407 1744 515 1811 giorise
526 1744 553 1794 io
565 1749 738 1794 contemtum
750 1751 807 1794 tem
820 1742 867 1794 fer·
915 1745 919 1824 Ι

69 1814 103 1874 ri,
114 1826 195 1878 quem
208 1813 323 1877 ignium,
333 1813 424 1862 misit:
443 1812 550 1880 species
562 1811 706 1879 quosdam,
717 1816 803 1879 etque
813 1826 866 1861 um·
915 1831 919 1875 i

69 1884 119 1932 bra
129 1881 253 1940 virtutis,
274 1880 301 1929 in
314 1886 431 1933 mortem
440 1882 629 1934 voluntarium
641 1881 743 1932 trudit
780 1884 866 1946 Ques·
904 1900 919 1946 21

69 1957 100 2000 to
113 1947 157 1999 his
169 1949 297 2000 omnibus
310 1948 410 2002 fortior
420 1951 496 2002 ratio
507 1958 562 2012 est,
572 1958 679 2018 quanto
689 1951 867 2013 constantior,
903 1971 919 2012 ·i

69 2027 147 2070 tanto
158 2017 356 2071 vehementior.
393 2021 446 2073 Per
457 2030 546 2072 metus
557 2021 566 2070 i
587 2035 633 2071 sos
644 2026 673 2072 et
683 2021 812 2088 perieuis
825 2034 866 2073 ex·

68 2089 130 2141 ibit.
147 2089 189 2139 22.
201 2088 277 2140 Nihil
290 2091 384 2157 agitis,
395 2090 494 2158 inquit,
524 2035 585 2141 uui}>
591 2093 702 2157 negotis
714 2091 802 2143 ulium
813 2103 867 2142 esse

71 2158 148 2212 nliuri
164 2159 198 2210 nb
214 2156 331 2211 honesto
347 2159 459 2211 bonum.
521 2175 556 2211 on
573 2157 660 2211 faciet
675 2175 726 2212 vos
737 2158 806 2214 bueo
815 2175 866 2210 mu·

71 2229 142 2280 uitio
154 2235 229 2280 tutos
242 2225 392 2291 eiortunu,
405 2237 433 2280 et
444 2230 588 2282 immunes.
621 2228 726 2282 Dicitis
738 2231 821 2288 eninr,
833 2230 868 2278 in·

70 2307 115 2351 ter
126 2300 199 2349 hona
210 2313 269 2349 esse
281 2297 384 2350 liberos
395 2300 501 2366 pios‚et
511 2300 581 2351 bene
591 2305 731 2350 merstem
744 2300 868 2366 petriam,

72 2376 99 2419 et
121 2373 249 2431 parentes
268 2367 366 2418 bonos.
402 2369 509 2420 Horum
532 2368 658 2435 pericula
678 2384 735 2421 non
759 2367 869 2437 potestis

69 2443 197 2500 spectare
208 2435 313 2497 securi3
337 2437 509 2501 perturbabit
519 2454 568 2489 rus
581 2438 691 2490 obsidio
702 2440 820 2505 patriae,
839 2437 867 2487 ii·

70 2505 200 2556 berorum
217 2517 306 2564 mors,
329 2513 475 2571 parentum
488 2510 616 2559 servitus.
654 2507 728 2571 Quid
741 2508 869 2560 adsersus

71 2572 122 2624 bns
133 2586 183 2638 pro
196 2573 275 2624 nobis
285 2574 449 2638 responderi
461 2576 560 2639 solent,
571 2591 685 2644 ponsme
718 2575 761 2629 23.
775 2576 870 2630 deinde

70 2654 137 2696 tuno
147 2641 287 2705 adiiciam,
300 2642 363 2710 quid
377 2651 522 2711 praeterea
532 2646 758 2713 respondendum
770 2656 870 2716 putem.

71 2714 133 2766 Alis
145 2713 270 2764 conditio
282 2721 324 2765 ent
337 2714 365 2763 in
378 2712 433 2775 bis,
456 2728 526 2780 qrroe
542 2716 637 2767 obluta
646 2716 675 2766 in
689 2716 783 2769 locum
796 2730 871 2768 suum
914 2767 915 2773 ,

71 2781 177 2849 aliquid
189 2782 357 2834 incommodi
369 2784 555 2836 substituunt:
568 2793 699 2852 tunquam
712 2786 788 2838 bons
801 2786 873 2836 ruie-
912 2788 915 2795 ²

70 2853 260 2913 turturinum,
283 2853 311 2902 in
323 2854 423 2905 mulum
436 2853 618 2906 transfertur:
639 2855 716 2906 ucies
729 2854 871 2908 oculorum
914 2868 916 2896 ³

70 2922 219 2982 exstinctu,
231 2922 366 2974 coecitate
377 2939 427 2974 nos
440 2922 538 2975 officit:
550 2939 604 2974 nnn
614 2929 724 2975 tantum
736 2924 872 2976 s'eiocitss
917 2926 919 2930 “

69 2994 142 3056 perit
155 2992 306 3057 poplitibus
317 2992 427 3054 incisis,
446 2993 493 3043 sori
510 2992 641 3045 debiiitas
660 3007 712 3059 pro
730 2994 873 3046 iiiusubit.
918 2998 919 3001 ’

60 3059 130 3111 Hoc
139 3060 299 3126 periculum
309 3077 366 3117 uon
377 3070 419 3116 est
429 3064 457 3113 in
468 3061 519 3124 his,
540 3078 609 3130 quoe
621 3063 705 3129 poulo
716 3070 783 3115 unte
796 3070 873 3115 retu·

48 3127 149 3181 limus.
193 3133 310 3197 Qunrei
335 3134 360 3188 si
376 3136 500 3187 emirum
515 3132 625 3184 bonum
642 3133 812 3191 mmmmm
830 3139 874 3183 est
914 3180 915 3183 ,

37 3198 116 3251 mibi
127 3217 189 3270 pro
200 3204 259 3260 iiio
274 3201 566 3277 perfidiuputienbu:
585 3198 893 3250 neostbnnnttmmns
