1838 3456
73 117 120 168 18⁰
362 113 582 166 Sulluctu

70 251 165 303 pesse,
186 244 215 284 et
230 233 312 299 paulu
330 241 395 284 ante
411 232 520 283 fecisse.
558 231 803 300 Praenerigcmur,
822 232 866 281 nsi
913 260 914 263 =

68 305 171 365 Lucili,
184 304 282 356 vitam:
295 309 323 354 et
333 302 565 369 quemadmodum
580 305 606 351 in
619 304 698 363 nean,
710 312 740 352 ut
750 305 790 352 ait
803 302 866 352 Vir·
916 304 917 309 ’

68 376 152 443 gilius
164 383 268 436 niuster,

121 472 154 482 -
166 471 197 480 -
204 442 358 508 Terraeque
368 440 497 508 urbesque
507 441 652 493 recedunt:

67 516 139 565 2.sic
150 513 178 563 in
191 513 243 564 hoc
253 526 334 564 cursu
347 510 512 576 rapidissimi
526 512 667 576 temperis,
679 513 792 575 primum
803 523 866 574 puc-

69 585 163 634 ritiam
177 580 383 641 abscondimus,
402 579 501 630 deinde
519 580 750 640 adolescentiam,
769 576 863 628 deinde

70 652 201 720 quidquid
220 661 261 701 est
277 650 347 700 illud
363 652 434 700 inter
450 651 577 700 iuvenem
590 657 618 699 et
634 665 729 701 senem
741 650 860 703 medium,

28 779 35 784 .
70 727 97 774 in
109 723 252 787 utriusque
262 720 382 770 continic
395 722 524 785 positum,
536 719 636 770 deinde
647 721 736 785 ipsius
747 725 858 770 senectu-

69 795 106 843 tis
122 793 242 855 optimos
261 804 361 839 annus:
384 790 534 840 siccissime
547 789 646 853 incipit
656 788 766 841 ostendi
781 785 857 854 publi·

71 878 118 912 cus
135 861 196 910 linis
212 861 323 924 generis
335 857 459 911 ltumani.
495 855 647 924 Scopulum
661 876 723 909 esse
735 860 807 910 illum
817 870 853 921 pu·

70 942 159 980 tamus
171 928 389 979 dementissimi?
422 934 518 994 portus
531 936 588 988 cst,
610 928 762 995 aliquande
774 936 850 994 peten-
918 924 919 931 ’

70 1004 132 1061 dus,
154 1014 291 1065 nunquam
314 997 492 1049 recusandus.
530 999 558 1048 ln
578 1012 660 1062 quem
678 1001 702 1048 si
721 999 780 1064 quis
793 998 850 1046 intra
917 1001 919 1009 ’

71 1070 173 1135 primos
190 1085 277 1119 annos
292 1068 404 1119 delatus
418 1075 475 1127 est,
499 1082 552 1116 non
569 1069 658 1134 tnagis
681 1070 760 1134 queri
780 1067 850 1119 debet
898 1088 900 1128 j

71 1154 151 1205 quiam
174 1140 220 1204 qui
243 1140 299 1189 cito
321 1138 471 1203 navigavit.
507 1134 533 1188 3.
553 1137 641 1187 Altum
659 1141 788 1200 enim,ut
802 1135 849 1190 scit,
897 1160 903 1181 τ

70 1209 147 1259 renti
168 1225 266 1275 segnes
287 1207 384 1258 ludunt
405 1223 438 1257 ac
454 1205 592 1266 detinent,
615 1214 645 1257 et
660 1206 851 1274 tranquillitatis
896 1227 900 1247 s

70 1279 224 1328 lentissimo
240 1277 335 1328 taedio
346 1277 467 1327 lassant:
490 1275 574 1326 alium
587 1279 717 1341 pertinax
728 1276 807 1329 ssatus
819 1290 850 1325 ce·

71 1347 182 1405 terrime
195 1344 306 1409 perfert.
334 1346 408 1397 ldent
419 1346 531 1397 evenire
542 1345 623 1396 nobis
637 1356 715 1412 puta.
742 1345 852 1399 Alicsri·

70 1427 97 1464 ta
113 1414 285 1465 velocissime
303 1414 434 1476 adduxit,
456 1431 511 1481 quc
527 1416 692 1467 veniendum
711 1428 771 1468 eret
786 1417 853 1468 etiam

70 1485 272 1535 cunctantibus:
284 1485 355 1535 alios
368 1487 521 1536 ntacererit
533 1494 562 1536 et
574 1488 659 1537 coxit.
672 1488 760 1549 Quae,
768 1497 797 1538 ut
806 1488 855 1543 scis,

70 1569 124 1604 non
134 1569 244 1618 semper
257 1553 403 1606 retinenda
416 1562 466 1605 est.
504 1554 565 1605 Ncn
578 1557 651 1607 enim
667 1559 759 1609 vivere
770 1559 855 1608 bunun

69 1635 120 1683 est,
131 1624 178 1675 sed
191 1625 261 1676 bene
272 1627 373 1679 rivere
411 1625 507 1691 ltaque
519 1626 631 1690 sapiens
643 1629 726 1685 vivit.
738 1633 856 1695 quesitum

69 1693 165 1756 debet,
187 1710 240 1745 non
260 1702 393 1760 quantum
411 1701 511 1760 potest
547 1697 572 1744 4.
592 1693 708 1746 Videbit
724 1697 772 1747 ubi
787 1700 858 1747 rietu-

67 1778 113 1814 rns
125 1765 171 1824 sit,
180 1780 240 1814 cum
253 1766 360 1829 quibus,
372 1762 520 1831 quomodo,
532 1762 599 1830 quid
611 1773 735 1816 acturus.
759 1769 859 1834 Cogitat

68 1847 186 1897 semper,
198 1832 288 1898 qualis
299 1838 364 1895 vite,
377 1850 432 1884 nun
443 1839 548 1900 quanta
558 1834 604 1886 sit.
631 1833 661 1884 Si
675 1835 764 1888 multe
776 1850 859 1886 ‹iecur-

67 1908 132 1952 runt
153 1901 271 1951 molesta
288 1909 316 1951 ct
336 1903 568 1969 tranquillitatem
584 1906 743 1966 turbantia,
765 1905 861 1957 entittit

68 1983 109 2018 se:
133 1983 183 2020 nec
195 1967 247 2020 hoc
259 1977 366 2022 tantum
378 1973 405 2022 in
417 1973 585 2024 necessitate
597 1972 696 2024 ultima
713 1976 795 2036 iacit,
812 1975 862 2034 sed,
897 1984 900 2010 f

67 2053 147 2102 quum
171 2041 289 2105 primum
311 2039 354 2090 illi
367 2042 491 2107 coeperit
511 2049 643 2107 suspecta
665 2061 728 2095 esse
751 2046 863 2104 fortune,

68 2107 219 2174 diligenter
229 2109 427 2176 circumspicit,
436 2108 569 2177 numquid
581 2110 864 2166 illcdiedesinendum
903 2110 907 2128 ³

65 2180 109 2227 sit.
122 2178 194 2229 Nihil
209 2178 353 2231 existimat
365 2195 415 2230 sua
427 2178 541 2241 referre,
552 2180 638 2232 faciat
651 2183 743 2246 linem,
756 2200 789 2234 an
802 2182 866 2233 acci·

67 2249 139 2312 piat.-
151 2248 260 2299 tardius
271 2248 329 2308 liat,
342 2264 376 2299 an
389 2249 481 2310 citius.
503 2248 565 2300 Non
575 2258 708 2317 tanquam
721 2254 758 2306 de
771 2268 865 2319 magno

66 2317 235 2369 detrimento
257 2320 347 2370 timet.
384 2318 409 2369 5.
430 2318 517 2370 Nemo
533 2321 648 2370 multum
666 2338 702 2373 ex
723 2324 865 2374 stillicidio

67 2395 159 2450 potest
170 2389 291 2453 perdere.
315 2389 404 2438 citius
417 2389 496 2450 mori,
509 2388 550 2440 vel
563 2389 684 2452 tardius,
696 2392 731 2441 nd
745 2409 802 2444 rem
815 2400 864 2442 nrtn

62 2458 199 2519 pertinet:
212 2459 280 2510 bene
292 2459 372 2518 nmri,
386 2465 433 2508 aut
445 2458 530 2517 niele,
543 2457 576 2507 ad
589 2474 646 2508 rem
659 2464 793 2525 pertinet.
818 2463 865 2512 lie·

53 2541 91 2577 ne
102 2534 198 2579 antem
212 2530 296 2592 mori,
307 2536 351 2582 est
361 2527 485 2596 elingere
496 2529 568 2576 mele
577 2529 687 2578 visendi
701 2534 864 2594 perieulum.
909 2575 910 2579 ,

41 2596 148 2667 ltaque
168 2599 459 2655 effeminatissimam
475 2594 775 2648 constituissemus
783 2605 872 2648 cdxxxi·

29 2679 83 2716 mo
90 2706 99 2730 ,
124 2673 181 2737 qui
194 2689 290 2742 quum
301 2677 331 2728 in
346 2686 473 2726 caueam
485 2667 635 2721 coniectus
646 2670 755 2708 essen
765 2671 898 2722 spemn,
