1838 3456
171 621 225 675 235
468 622 688 674 SENECAE

170 741 327 809 proprietas
339 747 395 791 est:
407 748 435 792 et
449 739 617 792 consuetudo
628 741 763 790 sermonis
773 741 883 807 antiqui

172 813 233 862 dam
246 807 455 871 efficacissimis,
465 818 494 859 et
504 808 596 860 otlicia
606 809 864 870 ducentibus‚notia
874 825 887 859 s

170 882 215 932 Sic
227 888 302 931 certe
313 879 435 930 solemus
446 878 537 946 loqui:
550 877 599 927 liic
609 877 650 927 illi
662 879 783 996 ἔταῑίιιιι
791 878 887 930 retulit

169 949 259 1010 serre,
281 956 324 999 eat
340 950 414 999 ultro
426 946 500 1013 quod
512 945 660 997 debebasa
684 962 754 998 erre.
791 948 819 999 8.
839 947 887 999 Not

170 1033 243 1069 mus:
257 1017 384 1068 Gratiam
398 1016 526 1068 reddidit.
565 1013 691 1065 Reddunt
700 1017 784 1077 enim,
797 1022 827 1067 at
839 1016 884 1083 qui

170 1095 291 1148 ocantur,
304 1097 331 1137 et
343 1085 388 1153 qui
400 1086 522 1145 iuviti,et
533 1084 579 1149 qui
591 1084 752 1145 ubilibet,et
763 1086 811 1151 qui
823 1100 887 1150 pert

170 1157 231 1210 uon
243 1156 373 1207 dicimus:
397 1153 712 1220 Repoauitboncficium‚
734 1162 783 1205 aut
795 1156 880 1206 solvit

172 1226 227 1278 lum
241 1226 313 1276 enim
331 1225 408 1274 nobis
423 1224 542 1290 placuit,
563 1222 637 1288 quod
653 1224 712 1274 aeri
727 1224 822 1275 alieno
839 1238 887 1273 con

171 1296 293 1346 verbum.
313 1292 438 1352 Referre,
451 1291 539 1343 estad
552 1306 623 1351 eum,
634 1307 651 1342 a
661 1306 716 1359 quo
728 1294 883 1359 acceperis,

170 1363 248 1413 llaec
267 1375 320 1411 uox
343 1360 481 1428 significat
503 1359 687 1412 uoluntariam
704 1362 885 1414 relationem.

170 1430 275 1492 retulit,
288 1430 389 1496 ipsese
402 1429 562 1496 appellarit.
599 1429 716 1496 Sapiens
728 1433 825 1482 omnia
837 1447 887 1483 exa

173 1501 214 1551 bit
226 1515 327 1561 secum,
350 1507 480 1568 quantum
494 1499 645 1565 acceperit,
665 1514 755 1566 aquo,
776 1501 887 1568 quando

171 1569 414 1636 quemadmodum.
432 1569 458 1621 9.
470 1569 567 1634 ltaque
580 1583 721 1635 negamus,
734 1585 887 1637 quenquam

172 1641 291 1704 gratiam
308 1638 426 1700 referre,
449 1637 502 1689 nisi
518 1639 678 1704 sapientem.
716 1639 778 1689 Non
792 1640 883 1707 magis

172 1709 335 1760 berseiicium
348 1708 415 1758 dare
426 1707 569 1774 quisquam
582 1708 644 1769 scit,
659 1707 710 1757 nisi
721 1709 849 1774 sapieusz
870 1707 887 1758 li

171 1778 245 1838 licet,
267 1777 314 1841 qui
334 1778 420 1844 magis
442 1775 509 1826 dato
530 1776 644 1842 gaudet,
665 1791 745 1844 quatu
764 1778 838 1828 alius
853 1793 886 1830 ac

171 1847 234 1896 lloc
246 1846 346 1911 aliquis
359 1849 432 1896 inter
443 1844 493 1894 illa
504 1854 645 1908 numerat,
668 1860 739 1913 quaa
750 1846 881 1898 videmur

172 1922 237 1964 irata
260 1915 386 1964 omuibus
409 1913 514 1965 dicere:
536 1914 670 1981 παράδοξα
687 1915 790 1968 Graeci
812 1932 887 1968 vescar

171 1984 224 2033 ait:
241 1981 350 2044 „Nemo
362 1997 428 2050 ergo
441 1984 494 2034 scit
505 1990 616 2050 praeter
626 1985 779 2103 sapientem
792 1984 887 2036 refero

169 2051 256 2103 tiumi
275 2066 343 2121 ergo
356 2070 406 2105 nac
417 2051 491 2119 quod
503 2053 586 2104 debet
602 2067 648 2104 cre
669 2054 736 2105 itori
752 2070 819 2116 suo,
841 2070 887 2121 rep

170 2123 314 2189 quisquam
332 2123 384 2175 scit
399 2122 487 2173 aliosi
509 2136 560 2174 nec
573 2136 656 2189 quum
677 2125 746 2175 emit
766 2124 887 2192 aliquam

169 2192 292 2257 pretium
309 2193 450 2245 venditori
468 2190 669 2259 percoluerel“
707 2191 762 2244 Sed
777 2209 812 2245 na
830 2195 884 2245 nob

169 2260 287 2322 invidia,
303 2264 373 2314 scito
384 2262 456 2313 idem
469 2262 562 2313 dicere
572 2261 733 2327 Epicurum.
775 2263 814 2314 10.
835 2263 887 2315 Met

170 2345 217 2379 rus
228 2337 304 2382 certe
315 2330 468 2392 ait‚Solum
481 2332 635 2397 sapientem
647 2330 753 2383 referre
764 2335 886 2398 gratiam

172 2397 279 2449 Deinde
290 2400 361 2449 idem
376 2399 540 2459 admiratur,
560 2415 643 2465 quum
657 2400 787 2451 dicimus:
811 2401 887 2464 „Sol

169 2469 248 2533 piens
260 2469 435 2531 scitantem,
455 2468 534 2521 aolus
545 2470 657 2537 sapiens
667 2471 771 2522 amicus
784 2477 856 2523 est.“

170 2544 198 2588 et
209 2537 312 2586 amoris
325 2544 353 2587 et
365 2537 502 2589 amicitiae
514 2552 577 2602 pars
590 2545 643 2600 est,
653 2538 761 2593 referre
771 2544 887 2608 gratiani

170 2621 215 2657 mo
227 2603 280 2655 hoc
292 2606 379 2673 magis
390 2606 505 2675 vulgare
516 2613 572 2668 est,
592 2615 620 2659 et
634 2609 663 2659 io
675 2609 768 2676 plures
780 2609 872 2672 cadit,

169 2690 235 2727 uera
246 2676 378 2727 amicitia.
415 2674 522 2728 Deinde
533 2674 607 2726 idem
624 2678 795 2740 admiratur,
817 2681 887 2747 quod

170 2760 243 2796 mua:
267 2745 371 2808 „iidem
394 2747 446 2797 uisi
464 2748 489 2796 in
507 2746 634 2809 sapienta
648 2763 703 2799 nou
720 2753 818 2800 esse:“
840 2756 887 2801 tan

170 2829 223 2864 non
240 2815 300 2880 ipse
315 2816 390 2868 idem
408 2816 490 2868 dicat.
526 2817 566 2866 lln
583 2816 637 2867 tibi
647 2818 756 2869 uidetur
767 2818 850 2869 iidem
863 2818 887 2869 lu

170 2884 215 2949 qui
230 2882 335 2937 referre
348 2886 467 2954 gratiam
481 2883 588 2937 nescit!
626 2885 664 2936 ll.
680 2887 817 2939 Desinant
827 2889 887 2955 itaq

169 2949 275 3004 famare
287 2970 346 3015 nos,
358 2963 488 3023 tanquam
500 2954 676 3007 incredibilia
687 2956 836 3017 iactantes,
847 2965 877 3008 at

169 3021 242 3084 apud
255 3025 408 3087 sapientem
420 3040 481 3077 osae
492 3026 553 3091 ipsa
568 3022 697 3086 honesta,
719 3026 792 3091 apud
808 3026 887 3093 vulgi

159 3089 289 3144 mulacra
300 3108 395 3148 rerum
409 3093 592 3150 honestarum
604 3101 633 3146 et
643 3095 758 3162 effigies.
784 3095 874 3148 Nemo

144 3171 181 3208 re
190 3166 320 3228 gratiam
336 3169 409 3233 scit,
435 3169 490 3222 nisi
509 3169 638 3235 sapiens.
670 3162 785 3216 stultus
798 3178 887 3227 quoqu

32 3226 91 3368 ι
132 3240 258 3300 ‘misse
272 3240 332 3290 ³?st
346 3252 376 3296 et
388 3237 648 3314 quamadmodum
658 3237 770 3302 potest,
779 3228 887 3280 reiciat
