<?xml version="1.0" encoding="UTF-8"?>
<!DOCTYPE html PUBLIC "-//W3C//DTD XHTML 1.0 Transitional//EN"
    "http://www.w3.org/TR/xhtml1/DTD/xhtml1-transitional.dtd">
<html xmlns="http://www.w3.org/1999/xhtml" xml:lang="en" lang="en">
 <head>
  <title>
</title>
<meta http-equiv="Content-Type" content="text/html;charset=utf-8" />
  <meta name='ocr-system' content='tesseract 3.04.00' />
  <meta name='ocr-capabilities' content='ocr_page ocr_carea ocr_par ocr_line ocrx_word'/>
</head>
<body>
  <div class='ocr_page' id='page_1' title='image "./lannaeisenecaep01senegoog_0319.png"; bbox 0 0 1942 3360; ppageno 0'>
   <div class='ocr_carea' id='block_1_1' title="bbox 229 502 801 565">
    <p class='ocr_par' dir='ltr' id='par_1_1' title="bbox 229 502 801 565">
     <span class='ocr_line' id='line_1_1' title="bbox 229 502 801 565; baseline 0.007 -10"><span class='ocrx_word' id='word_1_1' title='bbox 229 502 515 565; x_wconf 73' lang='lat' dir='ltr'>uuisrousu.</span> <span class='ocrx_word' id='word_1_2' title='bbox 550 508 593 562; x_wconf 81' lang='lat'>90.</span> <span class='ocrx_word' id='word_1_3' title='bbox 769 504 801 559; x_wconf 78' lang='lat' dir='ltr'>ol</span> 
     </span>
    </p>
   </div>
   <div class='ocr_carea' id='block_1_2' title="bbox 60 623 814 3136">
    <p class='ocr_par' dir='ltr' id='par_1_2' title="bbox 60 623 814 3136">
     <span class='ocr_line' id='line_1_2' title="bbox 63 623 806 694; baseline 0.003 -18"><span class='ocrx_word' id='word_1_4' title='bbox 63 623 100 676; x_wconf 85' lang='lat' dir='ltr'>dn</span> <span class='ocrx_word' id='word_1_5' title='bbox 109 630 259 692; x_wconf 70' lang='lat' dir='ltr'>reguntur,</span> <span class='ocrx_word' id='word_1_6' title='bbox 279 629 308 676; x_wconf 90' lang='lat' dir='ltr'>et</span> <span class='ocrx_word' id='word_1_7' title='bbox 324 623 379 676; x_wconf 81' lang='lat' dir='ltr'>levi</span> <span class='ocrx_word' id='word_1_8' title='bbox 396 624 457 679; x_wconf 85' lang='lat' dir='ltr'>eins</span> <span class='ocrx_word' id='word_1_9' title='bbox 473 628 500 676; x_wconf 84' lang='lat' dir='ltr'>in</span> <span class='ocrx_word' id='word_1_10' title='bbox 512 631 806 694; x_wconf 67' lang='lat' dir='ltr'>utini-quemnemo</span> 
     </span>
     <span class='ocr_line' id='line_1_3' title="bbox 60 693 807 765; baseline 0.003 -20"><span class='ocrx_word' id='word_1_11' title='bbox 60 696 185 746; x_wconf 60' lang='lat' dir='ltr'>»disum</span> <span class='ocrx_word' id='word_1_12' title='bbox 196 709 274 746; x_wconf 82' lang='lat' dir='ltr'>susis</span> <span class='ocrx_word' id='word_1_13' title='bbox 283 693 407 751; x_wconf 71' lang='lat' dir='ltr'>flectent.</span> <span class='ocrx_word' id='word_1_14' title='bbox 442 695 485 747; x_wconf 77' lang='lat'>25.</span> <span class='ocrx_word' id='word_1_15' title='bbox 497 697 596 751; x_wconf 78' lang='lat' dir='ltr'>omnis</span> <span class='ocrx_word' id='word_1_16' title='bbox 605 695 675 750; x_wconf 79' lang='lat' dir='ltr'>hnec</span> <span class='ocrx_word' id='word_1_17' title='bbox 685 697 807 765; x_wconf 72' lang='lat' dir='ltr'>quidem,</span> 
     </span>
     <span class='ocr_line' id='line_1_4' title="bbox 60 763 806 832; baseline 0 -17"><span class='ocrx_word' id='word_1_18' title='bbox 60 765 112 821; x_wconf 85' lang='lat' dir='ltr'>uit.</span> <span class='ocrx_word' id='word_1_19' title='bbox 133 766 244 830; x_wconf 80' lang='lat' dir='ltr'>sapiens</span> <span class='ocrx_word' id='word_1_20' title='bbox 259 764 380 818; x_wconf 75' lang='lat' dir='ltr'>invenit:</span> <span class='ocrx_word' id='word_1_21' title='bbox 402 763 590 825; x_wconf 72' lang='lat' dir='ltr'>sedecinum,</span> <span class='ocrx_word' id='word_1_22' title='bbox 610 781 691 832; x_wconf 74' lang='lat' dir='ltr'>quern</span> <span class='ocrx_word' id='word_1_23' title='bbox 707 773 738 817; x_wconf 92' lang='lat' dir='ltr'>ut</span> <span class='ocrx_word' id='word_1_24' title='bbox 747 765 806 832; x_wconf 87' lang='lat' dir='ltr'>ipse</span> 
     </span>
     <span class='ocr_line' id='line_1_5' title="bbox 60 832 806 896; baseline -0.001 -11"><span class='ocrx_word' id='word_1_25' title='bbox 60 841 154 896; x_wconf 71' lang='lat' dir='ltr'>etant,</span> <span class='ocrx_word' id='word_1_26' title='bbox 170 832 377 888; x_wconf 67' lang='lat' dir='ltr'>sordidioribus</span> <span class='ocrx_word' id='word_1_27' title='bbox 387 833 522 888; x_wconf 73' lang='lat' dir='ltr'>ministris</span> <span class='ocrx_word' id='word_1_28' title='bbox 532 833 620 885; x_wconf 81' lang='lat' dir='ltr'>dedit.</span> <span class='ocrx_word' id='word_1_29' title='bbox 656 837 741 886; x_wconf 86' lang='lat' dir='ltr'>immo</span> <span class='ocrx_word' id='word_1_30' title='bbox 753 850 806 886; x_wconf 91' lang='lat' dir='ltr'>nnn</span> 
     </span>
     <span class='ocr_line' id='line_1_6' title="bbox 60 902 807 971; baseline -0.003 -15"><span class='ocrx_word' id='word_1_31' title='bbox 60 904 122 956; x_wconf 81' lang='lat' dir='ltr'>nliis</span> <span class='ocrx_word' id='word_1_32' title='bbox 134 906 295 970; x_wconf 67' lang='lat' dir='ltr'>excogitem</span> <span class='ocrx_word' id='word_1_33' title='bbox 307 902 362 958; x_wconf 80' lang='lat' dir='ltr'>ists</span> <span class='ocrx_word' id='word_1_34' title='bbox 375 909 455 964; x_wconf 83' lang='lat' dir='ltr'>sunt,</span> <span class='ocrx_word' id='word_1_35' title='bbox 474 918 555 971; x_wconf 75' lang='lat' dir='ltr'>quem</span> <span class='ocrx_word' id='word_1_36' title='bbox 573 919 590 954; x_wconf 82' lang='lat' dir='ltr'>n</span> <span class='ocrx_word' id='word_1_37' title='bbox 605 903 703 969; x_wconf 75' lang='lat' dir='ltr'>quibus</span> <span class='ocrx_word' id='word_1_38' title='bbox 713 902 807 954; x_wconf 81' lang='lat' dir='ltr'>hodie·</span> 
     </span>
     <span class='ocr_line' id='line_1_7' title="bbox 60 971 808 1039; baseline 0.003 -17"><span class='ocrx_word' id='word_1_39' title='bbox 60 991 62 1021; x_wconf 74' lang='grc' dir='ltr'>ε</span> <span class='ocrx_word' id='word_1_40' title='bbox 84 980 227 1028; x_wconf 78' lang='lat' dir='ltr'>curentur.</span> <span class='ocrx_word' id='word_1_41' title='bbox 272 971 414 1035; x_wconf 72' lang='lat' dir='ltr'>Qusedsm</span> <span class='ocrx_word' id='word_1_42' title='bbox 437 981 534 1027; x_wconf 71' lang='lat' dir='ltr'>nomrs</span> <span class='ocrx_word' id='word_1_43' title='bbox 552 971 662 1026; x_wconf 85' lang='lat' dir='ltr'>demum</span> <span class='ocrx_word' id='word_1_44' title='bbox 683 972 808 1039; x_wconf 77' lang='lat' dir='ltr'>prodisse</span> 
     </span>
     <span class='ocr_line' id='line_1_8' title="bbox 60 1041 808 1109; baseline -0.004 -14"><span class='ocrx_word' id='word_1_45' title='bbox 60 1044 146 1096; x_wconf 87' lang='lat' dir='ltr'>noris</span> <span class='ocrx_word' id='word_1_46' title='bbox 156 1043 269 1095; x_wconf 74' lang='lat' dir='ltr'>scimus:</span> <span class='ocrx_word' id='word_1_47' title='bbox 281 1049 312 1092; x_wconf 87' lang='lat' dir='ltr'>ut</span> <span class='ocrx_word' id='word_1_48' title='bbox 324 1042 540 1108; x_wconf 73' lang='lat' dir='ltr'>speculariorum</span> <span class='ocrx_word' id='word_1_49' title='bbox 550 1058 639 1105; x_wconf 85' lang='lat' dir='ltr'>usum,</span> <span class='ocrx_word' id='word_1_50' title='bbox 650 1041 808 1109; x_wconf 77' lang='lat' dir='ltr'>perlucente</span> 
     </span>
     <span class='ocr_line' id='line_1_9' title="bbox 60 1113 809 1178; baseline -0.003 -13"><span class='ocrx_word' id='word_1_51' title='bbox 60 1129 95 1175; x_wconf 66' lang='lat' dir='ltr'>a,</span> <span class='ocrx_word' id='word_1_52' title='bbox 116 1113 220 1167; x_wconf 75' lang='lat' dir='ltr'>clerum</span> <span class='ocrx_word' id='word_1_53' title='bbox 231 1113 479 1169; x_wconf 69' lang='lat' dir='ltr'>nmmum-tium</span> <span class='ocrx_word' id='word_1_54' title='bbox 491 1113 599 1167; x_wconf 70' lang='lat' dir='ltr'>lumeni</span> <span class='ocrx_word' id='word_1_55' title='bbox 618 1120 650 1164; x_wconf 90' lang='lat' dir='ltr'>ut</span> <span class='ocrx_word' id='word_1_56' title='bbox 664 1125 809 1178; x_wconf 82' lang='lat' dir='ltr'>suspensu-</span> 
     </span>
     <span class='ocr_line' id='line_1_10' title="bbox 64 1182 810 1249; baseline -0.009 -11"><span class='ocrx_word' id='word_1_57' title='bbox 64 1182 244 1244; x_wconf 81' lang='lat' dir='ltr'>bslneorurn,</span> <span class='ocrx_word' id='word_1_58' title='bbox 264 1188 293 1232; x_wconf 87' lang='lat' dir='ltr'>ct</span> <span class='ocrx_word' id='word_1_59' title='bbox 306 1183 456 1248; x_wconf 82' lang='lat' dir='ltr'>impressos</span> <span class='ocrx_word' id='word_1_60' title='bbox 474 1183 627 1249; x_wconf 77' lang='lat' dir='ltr'>perietibus</span> <span class='ocrx_word' id='word_1_61' title='bbox 643 1184 740 1244; x_wconf 87' lang='lat' dir='ltr'>tubos,</span> <span class='ocrx_word' id='word_1_62' title='bbox 761 1194 810 1248; x_wconf 87' lang='lat' dir='ltr'>per</span> 
     </span>
     <span class='ocr_line' id='line_1_11' title="bbox 60 1250 808 1320; baseline -0.004 -16"><span class='ocrx_word' id='word_1_63' title='bbox 60 1268 77 1304; x_wconf 60' lang='lat' dir='ltr'>is</span> <span class='ocrx_word' id='word_1_64' title='bbox 89 1250 358 1309; x_wconf 73' lang='lat' dir='ltr'>circumfunderetur</span> <span class='ocrx_word' id='word_1_65' title='bbox 368 1251 458 1315; x_wconf 85' lang='lat' dir='ltr'>csior,</span> <span class='ocrx_word' id='word_1_66' title='bbox 480 1253 527 1320; x_wconf 86' lang='lat' dir='ltr'>qui</span> <span class='ocrx_word' id='word_1_67' title='bbox 537 1253 595 1308; x_wconf 77' lang='lat' dir='ltr'>ime</span> <span class='ocrx_word' id='word_1_68' title='bbox 603 1252 686 1305; x_wconf 89' lang='lat' dir='ltr'>simui</span> <span class='ocrx_word' id='word_1_69' title='bbox 698 1259 727 1303; x_wconf 86' lang='lat' dir='ltr'>et</span> <span class='ocrx_word' id='word_1_70' title='bbox 738 1267 808 1302; x_wconf 85' lang='lat' dir='ltr'>sunr-</span> 
     </span>
     <span class='ocr_line' id='line_1_12' title="bbox 67 1320 809 1388; baseline -0.004 -14"><span class='ocrx_word' id='word_1_71' title='bbox 67 1323 178 1375; x_wconf 80' lang='lat' dir='ltr'>iovsret</span> <span class='ocrx_word' id='word_1_72' title='bbox 198 1320 363 1388; x_wconf 83' lang='lat' dir='ltr'>sequsliter.</span> <span class='ocrx_word' id='word_1_73' title='bbox 396 1321 438 1373; x_wconf 79' lang='lat'>26.</span> <span class='ocrx_word' id='word_1_74' title='bbox 457 1322 555 1385; x_wconf 66' lang='lat' dir='ltr'>(iuidl</span> <span class='ocrx_word' id='word_1_75' title='bbox 593 1337 645 1375; x_wconf 83' lang='lat' dir='ltr'>usr</span> <span class='ocrx_word' id='word_1_76' title='bbox 660 1335 809 1379; x_wconf 78' lang='lat' dir='ltr'>marniors,</span> 
     </span>
     <span class='ocr_line' id='line_1_13' title="bbox 60 1388 808 1461; baseline -0.005 -16"><span class='ocrx_word' id='word_1_77' title='bbox 60 1394 109 1445; x_wconf 77' lang='lat' dir='ltr'>bus</span> <span class='ocrx_word' id='word_1_78' title='bbox 121 1391 235 1457; x_wconf 84' lang='lat' dir='ltr'>templs,</span> <span class='ocrx_word' id='word_1_79' title='bbox 245 1390 344 1457; x_wconf 85' lang='lat' dir='ltr'>quibus</span> <span class='ocrx_word' id='word_1_80' title='bbox 355 1388 453 1443; x_wconf 89' lang='lat' dir='ltr'>domus</span> <span class='ocrx_word' id='word_1_81' title='bbox 464 1390 572 1461; x_wconf 71' lang='lat' dir='ltr'>fulgent</span> <span class='ocrx_word' id='word_1_82' title='bbox 608 1393 674 1458; x_wconf 86' lang='lat' dir='ltr'>quid</span> <span class='ocrx_word' id='word_1_83' title='bbox 683 1391 808 1457; x_wconf 81' lang='lat' dir='ltr'>ispidess</span> 
     </span>
     <span class='ocr_line' id='line_1_14' title="bbox 60 1459 807 1527; baseline -0.007 -13"><span class='ocrx_word' id='word_1_84' title='bbox 60 1465 98 1514; x_wconf 91' lang='lat' dir='ltr'>les</span> <span class='ocrx_word' id='word_1_85' title='bbox 108 1463 138 1512; x_wconf 91' lang='lat' dir='ltr'>in</span> <span class='ocrx_word' id='word_1_86' title='bbox 150 1461 298 1512; x_wconf 87' lang='lat' dir='ltr'>rotundum</span> <span class='ocrx_word' id='word_1_87' title='bbox 310 1475 343 1512; x_wconf 81' lang='lat' dir='ltr'>ec</span> <span class='ocrx_word' id='word_1_88' title='bbox 353 1459 414 1512; x_wconf 80' lang='lat' dir='ltr'>lere</span> <span class='ocrx_word' id='word_1_89' title='bbox 424 1460 566 1523; x_wconf 83' lang='lat' dir='ltr'>iormstns,</span> <span class='ocrx_word' id='word_1_90' title='bbox 576 1461 674 1527; x_wconf 83' lang='lat' dir='ltr'>quibus</span> <span class='ocrx_word' id='word_1_91' title='bbox 684 1462 807 1526; x_wconf 88' lang='lat' dir='ltr'>porticus</span> 
     </span>
     <span class='ocr_line' id='line_1_15' title="bbox 60 1529 806 1598; baseline -0.003 -16"><span class='ocrx_word' id='word_1_92' title='bbox 60 1530 160 1598; x_wconf 79' lang='lat' dir='ltr'>specis</span> <span class='ocrx_word' id='word_1_93' title='bbox 170 1529 334 1597; x_wconf 84' lang='lat' dir='ltr'>populorum</span> <span class='ocrx_word' id='word_1_94' title='bbox 346 1536 421 1581; x_wconf 78' lang='lat' dir='ltr'>tecto</span> <span class='ocrx_word' id='word_1_95' title='bbox 431 1530 613 1596; x_wconf 78' lang='lat' dir='ltr'>suscipimusl</span> <span class='ocrx_word' id='word_1_96' title='bbox 624 1529 697 1591; x_wconf 76' lang='lat' dir='ltr'>Quid</span> <span class='ocrx_word' id='word_1_97' title='bbox 709 1530 806 1581; x_wconf 82' lang='lat' dir='ltr'>verbo·</span> 
     </span>
     <span class='ocr_line' id='line_1_16' title="bbox 60 1596 809 1668; baseline -0.003 -18"><span class='ocrx_word' id='word_1_98' title='bbox 60 1617 67 1650; x_wconf 89' lang='lat' dir='ltr'>t</span> <span class='ocrx_word' id='word_1_99' title='bbox 81 1608 172 1660; x_wconf 81' lang='lat' dir='ltr'>nutes,</span> <span class='ocrx_word' id='word_1_100' title='bbox 184 1600 283 1668; x_wconf 83' lang='lat' dir='ltr'>quibus</span> <span class='ocrx_word' id='word_1_101' title='bbox 293 1599 416 1665; x_wconf 76' lang='lat' dir='ltr'>pusnisis</span> <span class='ocrx_word' id='word_1_102' title='bbox 428 1599 516 1650; x_wconf 80' lang='lat' dir='ltr'>citnts</span> <span class='ocrx_word' id='word_1_103' title='bbox 525 1596 770 1665; x_wconf 81' lang='lat' dir='ltr'>excipitururstio,</span> <span class='ocrx_word' id='word_1_104' title='bbox 781 1605 809 1649; x_wconf 82' lang='lat' dir='ltr'>et</span> 
     </span>
     <span class='ocr_line' id='line_1_17' title="bbox 60 1667 809 1737; baseline -0.007 -14"><span class='ocrx_word' id='word_1_105' title='bbox 60 1671 184 1723; x_wconf 78' lang='lat' dir='ltr'>eritntcnr</span> <span class='ocrx_word' id='word_1_106' title='bbox 202 1669 313 1734; x_wconf 76' lang='lat' dir='ltr'>iinguse</span> <span class='ocrx_word' id='word_1_107' title='bbox 328 1669 579 1737; x_wconf 78' lang='lat' dir='ltr'>msnussequiturl</span> <span class='ocrx_word' id='word_1_108' title='bbox 603 1667 809 1720; x_wconf 82' lang='lat' dir='ltr'>Vilissimorum</span> 
     </span>
     <span class='ocr_line' id='line_1_18' title="bbox 60 1737 809 1808; baseline -0.008 -16"><span class='ocrx_word' id='word_1_109' title='bbox 60 1737 212 1808; x_wconf 85' lang='lat' dir='ltr'>ncipiorum</span> <span class='ocrx_word' id='word_1_110' title='bbox 233 1739 289 1790; x_wconf 86' lang='lat' dir='ltr'>ists</span> <span class='ocrx_word' id='word_1_111' title='bbox 304 1745 460 1790; x_wconf 77' lang='lat' dir='ltr'>commento</span> <span class='ocrx_word' id='word_1_112' title='bbox 474 1746 550 1790; x_wconf 85' lang='lat' dir='ltr'>sunt:</span> <span class='ocrx_word' id='word_1_113' title='bbox 569 1739 710 1807; x_wconf 73' lang='lat' dir='ltr'>sepientis</span> <span class='ocrx_word' id='word_1_114' title='bbox 724 1737 809 1789; x_wconf 85' lang='lat' dir='ltr'>nitius</span> 
     </span>
     <span class='ocr_line' id='line_1_19' title="bbox 60 1807 810 1880; baseline -0.008 -18"><span class='ocrx_word' id='word_1_115' title='bbox 60 1818 97 1869; x_wconf 82' lang='lat' dir='ltr'>et,</span> <span class='ocrx_word' id='word_1_116' title='bbox 119 1826 169 1861; x_wconf 90' lang='lat' dir='ltr'>nec</span> <span class='ocrx_word' id='word_1_117' title='bbox 190 1823 285 1860; x_wconf 76' lang='lat' dir='ltr'>monus</span> <span class='ocrx_word' id='word_1_118' title='bbox 305 1807 417 1870; x_wconf 58' lang='lat' dir='ltr'>edonem</span> <span class='ocrx_word' id='word_1_119' title='bbox 437 1809 591 1862; x_wconf 75' lang='lat' dir='ltr'>animorum</span> <span class='ocrx_word' id='word_1_120' title='bbox 606 1809 744 1880; x_wconf 79' lang='lat' dir='ltr'>rssgistrs</span> <span class='ocrx_word' id='word_1_121' title='bbox 758 1813 810 1859; x_wconf 80' lang='lat' dir='ltr'>est.</span> 
     </span>
     <span class='ocr_line' id='line_1_20' title="bbox 71 1878 808 1947; baseline -0.004 -16"><span class='ocrx_word' id='word_1_122' title='bbox 71 1881 156 1939; x_wconf 82' lang='lat' dir='ltr'>scire.</span> <span class='ocrx_word' id='word_1_123' title='bbox 167 1878 232 1947; x_wconf 86' lang='lat' dir='ltr'>quid</span> <span class='ocrx_word' id='word_1_124' title='bbox 244 1878 293 1930; x_wconf 85' lang='lat' dir='ltr'>ills</span> <span class='ocrx_word' id='word_1_125' title='bbox 304 1879 416 1939; x_wconf 79' lang='lat' dir='ltr'>eruerit,</span> <span class='ocrx_word' id='word_1_126' title='bbox 426 1878 526 1946; x_wconf 80' lang='lat' dir='ltr'>quidue</span> <span class='ocrx_word' id='word_1_127' title='bbox 538 1879 680 1933; x_wconf 73' lang='lat' dir='ltr'>effeceriti</span> <span class='ocrx_word' id='word_1_128' title='bbox 696 1880 738 1930; x_wconf 83' lang='lat'>27.</span> <span class='ocrx_word' id='word_1_129' title='bbox 747 1878 808 1931; x_wconf 74' lang='lat' dir='ltr'>Non</span> 
     </span>
     <span class='ocr_line' id='line_1_21' title="bbox 60 1949 809 2016; baseline -0.008 -12"><span class='ocrx_word' id='word_1_130' title='bbox 60 1964 156 2004; x_wconf 85' lang='lat' dir='ltr'>rcoros</span> <span class='ocrx_word' id='word_1_131' title='bbox 171 1949 295 2014; x_wconf 87' lang='lat' dir='ltr'>corporis</span> <span class='ocrx_word' id='word_1_132' title='bbox 310 1954 412 2009; x_wconf 80' lang='lat' dir='ltr'>motus,</span> <span class='ocrx_word' id='word_1_133' title='bbox 432 1964 482 2001; x_wconf 86' lang='lat' dir='ltr'>nec</span> <span class='ocrx_word' id='word_1_134' title='bbox 502 1950 595 2004; x_wconf 69' lang='lat' dir='ltr'>varios</span> <span class='ocrx_word' id='word_1_135' title='bbox 611 1950 765 2016; x_wconf 72' lang='lat' dir='ltr'>pertubant</span> <span class='ocrx_word' id='word_1_136' title='bbox 776 1963 809 1999; x_wconf 86' lang='lat' dir='ltr'>sc</span> 
     </span>
     <span class='ocr_line' id='line_1_22' title="bbox 64 2018 810 2084; baseline -0.003 -14"><span class='ocrx_word' id='word_1_137' title='bbox 64 2036 108 2073; x_wconf 77' lang='lat' dir='ltr'>sss</span> <span class='ocrx_word' id='word_1_138' title='bbox 120 2025 227 2075; x_wconf 79' lang='lat' dir='ltr'>cnutus,</span> <span class='ocrx_word' id='word_1_139' title='bbox 238 2018 338 2084; x_wconf 83' lang='lat' dir='ltr'>quibus</span> <span class='ocrx_word' id='word_1_140' title='bbox 347 2025 479 2083; x_wconf 82' lang='lat' dir='ltr'>exceptus</span> <span class='ocrx_word' id='word_1_141' title='bbox 489 2019 613 2083; x_wconf 79' lang='lat' dir='ltr'>spiritus,</span> <span class='ocrx_word' id='word_1_142' title='bbox 629 2025 676 2072; x_wconf 86' lang='lat' dir='ltr'>sut</span> <span class='ocrx_word' id='word_1_143' title='bbox 686 2019 713 2069; x_wconf 90' lang='lat' dir='ltr'>in</span> <span class='ocrx_word' id='word_1_144' title='bbox 724 2018 810 2075; x_wconf 79' lang='lat' dir='ltr'>exitu,</span> 
     </span>
     <span class='ocr_line' id='line_1_23' title="bbox 67 2086 809 2148; baseline -0.008 -7"><span class='ocrx_word' id='word_1_145' title='bbox 67 2094 96 2143; x_wconf 84' lang='lat' dir='ltr'>is</span> <span class='ocrx_word' id='word_1_146' title='bbox 108 2087 241 2148; x_wconf 82' lang='lat' dir='ltr'>trsnsitu,</span> <span class='ocrx_word' id='word_1_147' title='bbox 263 2086 400 2141; x_wconf 79' lang='lat' dir='ltr'>tornatur</span> <span class='ocrx_word' id='word_1_148' title='bbox 414 2087 561 2138; x_wconf 76' lang='lat' dir='ltr'>invocem:</span> <span class='ocrx_word' id='word_1_149' title='bbox 583 2103 636 2142; x_wconf 88' lang='lat' dir='ltr'>sos</span> <span class='ocrx_word' id='word_1_150' title='bbox 650 2102 740 2147; x_wconf 80' lang='lat' dir='ltr'>orins,</span> <span class='ocrx_word' id='word_1_151' title='bbox 758 2101 809 2136; x_wconf 86' lang='lat' dir='ltr'>nec</span> 
     </span>
     <span class='ocr_line' id='line_1_24' title="bbox 60 2155 810 2223; baseline -0.011 -12"><span class='ocrx_word' id='word_1_152' title='bbox 60 2175 113 2219; x_wconf 86' lang='lat' dir='ltr'>ros,</span> <span class='ocrx_word' id='word_1_153' title='bbox 126 2175 177 2211; x_wconf 87' lang='lat' dir='ltr'>nec</span> <span class='ocrx_word' id='word_1_154' title='bbox 186 2158 272 2210; x_wconf 76' lang='lat' dir='ltr'>ielis:</span> <span class='ocrx_word' id='word_1_155' title='bbox 290 2157 371 2208; x_wconf 82' lang='lat' dir='ltr'>utilis</span> <span class='ocrx_word' id='word_1_156' title='bbox 381 2155 504 2217; x_wconf 79' lang='lat' dir='ltr'>molitur,</span> <span class='ocrx_word' id='word_1_157' title='bbox 517 2156 577 2223; x_wconf 85' lang='lat' dir='ltr'>psci</span> <span class='ocrx_word' id='word_1_158' title='bbox 590 2156 673 2218; x_wconf 77' lang='lat' dir='ltr'>iavet,</span> <span class='ocrx_word' id='word_1_159' title='bbox 685 2163 713 2208; x_wconf 84' lang='lat' dir='ltr'>et</span> <span class='ocrx_word' id='word_1_160' title='bbox 724 2170 810 2221; x_wconf 80' lang='lat' dir='ltr'>genus</span> 
     </span>
     <span class='ocr_line' id='line_1_25' title="bbox 60 2226 810 2293; baseline -0.011 -12"><span class='ocrx_word' id='word_1_161' title='bbox 60 2244 161 2281; x_wconf 75' lang='lat' dir='ltr'>nanum</span> <span class='ocrx_word' id='word_1_162' title='bbox 179 2226 214 2278; x_wconf 76' lang='lat' dir='ltr'>nd</span> <span class='ocrx_word' id='word_1_163' title='bbox 226 2226 400 2278; x_wconf 74' lang='lat' dir='ltr'>concordiem</span> <span class='ocrx_word' id='word_1_164' title='bbox 412 2233 500 2276; x_wconf 80' lang='lat' dir='ltr'>vocat.</span> <span class='ocrx_word' id='word_1_165' title='bbox 537 2226 598 2279; x_wconf 80' lang='lat' dir='ltr'>Nos</span> <span class='ocrx_word' id='word_1_166' title='bbox 618 2234 669 2288; x_wconf 87' lang='lat' dir='ltr'>est,</span> <span class='ocrx_word' id='word_1_167' title='bbox 691 2226 810 2293; x_wconf 78' lang='lat' dir='ltr'>inquunt,</span> 
     </span>
     <span class='ocr_line' id='line_1_26' title="bbox 60 2293 807 2364; baseline -0.012 -13"><span class='ocrx_word' id='word_1_168' title='bbox 60 2304 258 2351; x_wconf 78' lang='lat' dir='ltr'>:rumentorurn</span> <span class='ocrx_word' id='word_1_169' title='bbox 277 2296 312 2350; x_wconf 84' lang='lat' dir='ltr'>sd</span> <span class='ocrx_word' id='word_1_170' title='bbox 335 2310 399 2346; x_wconf 90' lang='lat' dir='ltr'>usus</span> <span class='ocrx_word' id='word_1_171' title='bbox 416 2295 699 2364; x_wconf 81' lang='lat' dir='ltr'>necesssriosnpiies.</span> <span class='ocrx_word' id='word_1_172' title='bbox 734 2293 807 2357; x_wconf 77' lang='lat' dir='ltr'>Quid</span> 
     </span>
     <span class='ocr_line' id='line_1_27' title="bbox 74 2365 808 2434; baseline -0.008 -14"><span class='ocrx_word' id='word_1_173' title='bbox 74 2377 132 2420; x_wconf 83' lang='lat' dir='ltr'>tnrn</span> <span class='ocrx_word' id='word_1_174' title='bbox 155 2366 269 2434; x_wconf 75' lang='lat' dir='ltr'>parvula</span> <span class='ocrx_word' id='word_1_175' title='bbox 294 2366 437 2433; x_wconf 72' lang='lat' dir='ltr'>assignas!</span> <span class='ocrx_word' id='word_1_176' title='bbox 466 2366 601 2420; x_wconf 82' lang='lat' dir='ltr'>srtificem</span> <span class='ocrx_word' id='word_1_177' title='bbox 626 2366 704 2419; x_wconf 80' lang='lat' dir='ltr'>rides</span> <span class='ocrx_word' id='word_1_178' title='bbox 724 2365 808 2415; x_wconf 79' lang='lat' dir='ltr'>ritae.</span> 
     </span>
     <span class='ocr_line' id='line_1_28' title="bbox 60 2434 809 2506; baseline -0.009 -15"><span class='ocrx_word' id='word_1_179' title='bbox 60 2456 89 2492; x_wconf 84' lang='lat' dir='ltr'>ns</span> <span class='ocrx_word' id='word_1_180' title='bbox 99 2438 210 2506; x_wconf 80' lang='lat' dir='ltr'>quidem</span> <span class='ocrx_word' id='word_1_181' title='bbox 221 2444 296 2487; x_wconf 78' lang='lat' dir='ltr'>ortes</span> <span class='ocrx_word' id='word_1_182' title='bbox 307 2435 485 2490; x_wconf 83' lang='lat' dir='ltr'>subdeminio</span> <span class='ocrx_word' id='word_1_183' title='bbox 495 2434 584 2488; x_wconf 80' lang='lat' dir='ltr'>habet.</span> <span class='ocrx_word' id='word_1_184' title='bbox 605 2436 673 2490; x_wconf 83' lang='lat' dir='ltr'>Nem</span> <span class='ocrx_word' id='word_1_185' title='bbox 685 2436 729 2488; x_wconf 90' lang='lat' dir='ltr'>cui</span> <span class='ocrx_word' id='word_1_186' title='bbox 740 2436 809 2497; x_wconf 84' lang='lat' dir='ltr'>sitn,</span> 
     </span>
     <span class='ocr_line' id='line_1_29' title="bbox 73 2504 809 2575; baseline -0.008 -16"><span class='ocrx_word' id='word_1_187' title='bbox 73 2510 149 2563; x_wconf 76' lang='lat' dir='ltr'>sitne</span> <span class='ocrx_word' id='word_1_188' title='bbox 169 2520 279 2575; x_wconf 85' lang='lat' dir='ltr'>quoque</span> <span class='ocrx_word' id='word_1_189' title='bbox 295 2513 458 2558; x_wconf 74' lang='lat' dir='ltr'>ornaments</span> <span class='ocrx_word' id='word_1_190' title='bbox 472 2509 608 2560; x_wconf 76' lang='lat' dir='ltr'>serviunt:</span> <span class='ocrx_word' id='word_1_191' title='bbox 633 2513 754 2558; x_wconf 80' lang='lat' dir='ltr'>ceterum</span> <span class='ocrx_word' id='word_1_192' title='bbox 774 2504 809 2554; x_wconf 80' lang='lat' dir='ltr'>ad</span> 
     </span>
     <span class='ocr_line' id='line_1_30' title="bbox 60 2575 809 2641; baseline -0.009 -11"><span class='ocrx_word' id='word_1_193' title='bbox 60 2587 124 2632; x_wconf 82' lang='lat' dir='ltr'>tum</span> <span class='ocrx_word' id='word_1_194' title='bbox 147 2584 252 2629; x_wconf 88' lang='lat' dir='ltr'>stntum</span> <span class='ocrx_word' id='word_1_195' title='bbox 274 2576 376 2637; x_wconf 85' lang='lat' dir='ltr'>tendit3</span> <span class='ocrx_word' id='word_1_196' title='bbox 396 2575 447 2627; x_wconf 91' lang='lat' dir='ltr'>iilo</span> <span class='ocrx_word' id='word_1_197' title='bbox 459 2575 544 2640; x_wconf 85' lang='lat' dir='ltr'>ducit,</span> <span class='ocrx_word' id='word_1_198' title='bbox 563 2576 614 2627; x_wconf 89' lang='lat' dir='ltr'>illo</span> <span class='ocrx_word' id='word_1_199' title='bbox 635 2577 694 2629; x_wconf 79' lang='lat' dir='ltr'>rins</span> <span class='ocrx_word' id='word_1_200' title='bbox 709 2576 809 2641; x_wconf 82' lang='lat' dir='ltr'>sperit.</span> 
     </span>
     <span class='ocr_line' id='line_1_31' title="bbox 62 2643 807 2712; baseline -0.011 -12"><span class='ocrx_word' id='word_1_201' title='bbox 62 2650 142 2712; x_wconf 77' lang='lat' dir='ltr'>Quae</span> <span class='ocrx_word' id='word_1_202' title='bbox 153 2645 302 2705; x_wconf 73' lang='lat' dir='ltr'>sinuosis,</span> <span class='ocrx_word' id='word_1_203' title='bbox 322 2659 391 2710; x_wconf 86' lang='lat' dir='ltr'>quse</span> <span class='ocrx_word' id='word_1_204' title='bbox 401 2644 554 2707; x_wconf 76' lang='lat' dir='ltr'>videantur,</span> <span class='ocrx_word' id='word_1_205' title='bbox 573 2645 710 2696; x_wconf 84' lang='lat' dir='ltr'>ostendit:</span> <span class='ocrx_word' id='word_1_206' title='bbox 732 2643 807 2693; x_wconf 88' lang='lat' dir='ltr'>rsni-</span> 
     </span>
     <span class='ocr_line' id='line_1_32' title="bbox 60 2711 810 2780; baseline -0.011 -9"><span class='ocrx_word' id='word_1_207' title='bbox 60 2735 95 2771; x_wconf 76' lang='lat' dir='ltr'>ent</span> <span class='ocrx_word' id='word_1_208' title='bbox 117 2719 196 2770; x_wconf 80' lang='lat' dir='ltr'>exuit</span> <span class='ocrx_word' id='word_1_209' title='bbox 211 2715 358 2774; x_wconf 86' lang='lat' dir='ltr'>mentibus,</span> <span class='ocrx_word' id='word_1_210' title='bbox 379 2713 428 2766; x_wconf 90' lang='lat' dir='ltr'>dst</span> <span class='ocrx_word' id='word_1_211' title='bbox 444 2713 659 2780; x_wconf 71' lang='lat' dir='ltr'>magnitudinem</span> <span class='ocrx_word' id='word_1_212' title='bbox 677 2711 810 2773; x_wconf 67' lang='lat' dir='ltr'>solidnmp</span> 
     </span>
     <span class='ocr_line' id='line_1_33' title="bbox 60 2782 807 2850; baseline -0.011 -9"><span class='ocrx_word' id='word_1_213' title='bbox 60 2796 131 2841; x_wconf 82' lang='lat' dir='ltr'>stsrn</span> <span class='ocrx_word' id='word_1_214' title='bbox 142 2801 225 2846; x_wconf 78' lang='lat' dir='ltr'>uero,</span> <span class='ocrx_word' id='word_1_215' title='bbox 244 2792 273 2836; x_wconf 84' lang='lat' dir='ltr'>et</span> <span class='ocrx_word' id='word_1_216' title='bbox 289 2799 323 2835; x_wconf 79' lang='lat' dir='ltr'>cs</span> <span class='ocrx_word' id='word_1_217' title='bbox 334 2785 411 2835; x_wconf 87' lang='lat' dir='ltr'>insni</span> <span class='ocrx_word' id='word_1_218' title='bbox 428 2786 581 2850; x_wconf 74' lang='lat' dir='ltr'>speciosum</span> <span class='ocrx_word' id='word_1_219' title='bbox 594 2782 735 2849; x_wconf 83' lang='lat' dir='ltr'>reprimit:</span> <span class='ocrx_word' id='word_1_220' title='bbox 755 2797 807 2833; x_wconf 85' lang='lat' dir='ltr'>nec</span> 
     </span>
     <span class='ocr_line' id='line_1_34' title="bbox 60 2849 808 2921; baseline -0.012 -10"><span class='ocrx_word' id='word_1_221' title='bbox 60 2858 132 2911; x_wconf 79' lang='lat' dir='ltr'>orari</span> <span class='ocrx_word' id='word_1_222' title='bbox 153 2856 230 2917; x_wconf 73' lang='lat' dir='ltr'>sinit,</span> <span class='ocrx_word' id='word_1_223' title='bbox 249 2858 322 2907; x_wconf 86' lang='lat' dir='ltr'>inter</span> <span class='ocrx_word' id='word_1_224' title='bbox 336 2867 436 2921; x_wconf 79' lang='lat' dir='ltr'>msgnn</span> <span class='ocrx_word' id='word_1_225' title='bbox 450 2853 515 2919; x_wconf 89' lang='lat' dir='ltr'>quid</span> <span class='ocrx_word' id='word_1_226' title='bbox 530 2849 808 2906; x_wconf 80' lang='lat' dir='ltr'>intersitettumidn:</span> 
     </span>
     <span class='ocr_line' id='line_1_35' title="bbox 60 2921 810 2985; baseline -0.012 -5"><span class='ocrx_word' id='word_1_227' title='bbox 60 2944 97 2982; x_wconf 79' lang='lat' dir='ltr'>us</span> <span class='ocrx_word' id='word_1_228' title='bbox 113 2933 231 2979; x_wconf 84' lang='lat' dir='ltr'>nsturee</span> <span class='ocrx_word' id='word_1_229' title='bbox 247 2923 390 2984; x_wconf 78' lang='lat' dir='ltr'>notitiem,</span> <span class='ocrx_word' id='word_1_230' title='bbox 409 2936 441 2973; x_wconf 88' lang='lat' dir='ltr'>sc</span> <span class='ocrx_word' id='word_1_231' title='bbox 455 2935 522 2973; x_wconf 80' lang='lat' dir='ltr'>susc</span> <span class='ocrx_word' id='word_1_232' title='bbox 537 2922 633 2974; x_wconf 87' lang='lat' dir='ltr'>trsdit.</span> <span class='ocrx_word' id='word_1_233' title='bbox 669 2921 742 2985; x_wconf 77' lang='lat' dir='ltr'>Quid</span> <span class='ocrx_word' id='word_1_234' title='bbox 752 2921 810 2972; x_wconf 90' lang='lat' dir='ltr'>sint</span> 
     </span>
     <span class='ocr_line' id='line_1_36' title="bbox 78 2991 809 3068; baseline -0.01 -17"><span class='ocrx_word' id='word_1_235' title='bbox 78 2998 245 3068; x_wconf 73' lang='lat' dir='ltr'>qualesque,</span> <span class='ocrx_word' id='word_1_236' title='bbox 268 2992 405 3045; x_wconf 79' lang='lat' dir='ltr'>declaret:</span> <span class='ocrx_word' id='word_1_237' title='bbox 425 2991 490 3058; x_wconf 90' lang='lat' dir='ltr'>quid</span> <span class='ocrx_word' id='word_1_238' title='bbox 502 2991 597 3053; x_wconf 75' lang='lat' dir='ltr'>inferi,</span> <span class='ocrx_word' id='word_1_239' title='bbox 620 2992 684 3060; x_wconf 83' lang='lat' dir='ltr'>quid</span> <span class='ocrx_word' id='word_1_240' title='bbox 695 2992 768 3044; x_wconf 77' lang='lat' dir='ltr'>iares</span> <span class='ocrx_word' id='word_1_241' title='bbox 780 2997 809 3044; x_wconf 83' lang='lat' dir='ltr'>cl</span> 
     </span>
     <span class='ocr_line' id='line_1_37' title="bbox 60 3061 814 3136; baseline -0.016 -15"><span class='ocrx_word' id='word_1_242' title='bbox 60 3071 94 3123; x_wconf 83' lang='lat' dir='ltr'>ii:</span> <span class='ocrx_word' id='word_1_243' title='bbox 130 3065 198 3136; x_wconf 88' lang='lat' dir='ltr'>quid</span> <span class='ocrx_word' id='word_1_244' title='bbox 212 3066 240 3117; x_wconf 88' lang='lat' dir='ltr'>is</span> <span class='ocrx_word' id='word_1_245' title='bbox 258 3062 403 3118; x_wconf 83' lang='lat' dir='ltr'>secundnm</span> <span class='ocrx_word' id='word_1_246' title='bbox 414 3063 555 3116; x_wconf 87' lang='lat' dir='ltr'>numinum</span> <span class='ocrx_word' id='word_1_247' title='bbox 570 3061 694 3118; x_wconf 74' lang='lat' dir='ltr'>iornxnnt</span> <span class='ocrx_word' id='word_1_248' title='bbox 703 3063 814 3115; x_wconf 74' lang='lat' dir='ltr'>nnimnc</span> 
     </span>
    </p>
   </div>
   <div class='ocr_carea' id='block_1_3' title="bbox 0 0 980 3360">
    <p class='ocr_par' dir='ltr' id='par_1_3' title="bbox 0 0 980 3360">
     <span class='ocr_line' id='line_1_38' title="bbox 0 0 980 3360; baseline 0 0"><span class='ocrx_word' id='word_1_249' title='bbox 0 0 980 3360; x_wconf 95' lang='lat' dir='ltr'> </span> 
     </span>
    </p>
   </div>
   <div class='ocr_carea' id='block_1_4' title="bbox 306 3260 323 3295">
    <p class='ocr_par' dir='ltr' id='par_1_4' title="bbox 306 3260 323 3295">
     <span class='ocr_line' id='line_1_39' title="bbox 306 3260 323 3295; baseline 0 0"><span class='ocrx_word' id='word_1_250' title='bbox 306 3260 323 3295; x_wconf 52' lang='grc' dir='ltr'>ᾖ</span> 
     </span>
    </p>
   </div>
  </div>
 </body>
</html>
