1912 3534
212 586 502 640 Eersrounss.
539 589 579 640 24.
779 591 814 643 63

37 728 91 765 tre.
135 710 177 763 15.
196 711 271 776 Quid
284 712 331 763 tul
355 729 425 764 nunc
437 712 553 779 priorum
567 715 617 766 tibi
632 722 749 766 mortem
763 716 813 765 irn-

37 785 112 834 incre
122 784 218 841 scisti,
230 783 453 843 nnncexrilinm,
470 798 540 832 nunc
550 784 689 837 doloremi
705 786 731 835 in
743 782 813 837 hoec

37 860 86 904 ntur
103 868 147 903 ee.
185 849 328 918 Quidquid
346 851 404 902 lieri
416 860 519 918 potest,
536 854 614 918 quusi
625 852 749 904 futurum
766 868 811 904 co-

37 930 140 973 temur.
178 919 260 982 Quod
269 918 361 972 iecere
373 929 401 972 te
415 935 522 981 moneo,
537 923 596 971 ecio
613 930 690 974 certe
704 923 812 974 fecisse.

37 1006 87 1040 unc
108 989 263 1048 admoneo,
287 996 317 1040 ot
338 989 458 1040 oninium
481 997 558 1040 tuum
582 1006 636 1040 non
659 1005 767 1057 mergar
785 994 812 1040 in

37 1070 89 1110 turn
112 1058 337 1110 solicitudinem:
365 1056 543 1110 hebetabitur
566 1061 652 1120 eninr,
674 1068 702 1110 et
724 1060 813 1110 minut

37 1128 122 1180 thebit
135 1127 339 1193 vigorir,quum
353 1126 556 1194 exsurgendum
571 1129 634 1180 erit.
673 1129 767 1180 ¹ibdnc
782 1127 814 1178 il·

37 1212 65 1246 nn
78 1211 96 1247 ι
104 1197 214 1263 private
225 1210 310 1247 caure
321 1195 356 1248 ed
369 1196 523 1262 publicum:
536 1195 581 1248 dic
592 1197 711 1248 mortale
724 1197 774 1247 tibi
785 1204 813 1248 et

37 1266 112 1331 ugile
129 1265 323 1331 corpusculum
335 1280 410 1327 erre,
426 1266 471 1317 cui
482 1281 536 1317 non
548 1282 582 1318 ex
592 1267 694 1319 iniuria
705 1274 812 1318 tanturn

37 1344 59 1385 rt
69 1350 103 1386 ex
116 1334 398 1401 potentiorinriribnr
408 1334 617 1388 denuntiabitur
629 1336 723 1388 dnlor:
736 1336 813 1403 iprae

37 1404 171 1471 nluptatee
186 1405 215 1455 in
232 1412 374 1455 tormento
385 1411 538 1457 vertuntur.
577 1404 615 1457 ld.
637 1407 741 1472 Epulae
754 1421 813 1457 cru·

36 1474 128 1524 itatem
156 1472 292 1533 offerunt,
319 1473 470 1525 ebrietates
495 1489 642 1526 nervorum
671 1484 812 1541 torporem

37 1557 227 1610 umoremque:
250 1540 381 1594 libidines
392 1542 506 1609 pedum,
521 1558 665 1603 manuum,
684 1543 815 1595 articulo·

37 1627 72 1662 nm
94 1611 218 1664 omniurn
241 1612 463 1678 depravationes.
500 1610 607 1678 l'cuper
627 1611 709 1662 ilenti
738 1612 814 1663 inter

38 1682 106 1733 lure·
118 1695 175 1733 ero.
213 1681 298 1733 Exsul
311 1681 391 1733 denti
414 1681 452 1733 ibi
463 1695 507 1732 me
518 1691 612 1732 netum
625 1681 744 1747 putabn,
760 1695 814 1747 quo

37 1751 117 1803 litter.
152 1749 314 1818 Alligeborl
334 1749 400 1816 qnid
411 1749 504 1802 enimi
523 1766 594 1802 nunc
609 1751 718 1801 solutus
733 1749 812 1802 eurnl

37 1818 120 1873 dhoc
141 1835 186 1872 me
209 1827 310 1872 nutura
329 1834 414 1939 {reve
434 1822 561 1887 eorporis
576 1822 631 1873 mei
647 1820 754 1887 pondus
766 1819 814 1872 nd·

37 1889 133 1941 uinxit
180 1888 307 1941 Morinri
353 1903 386 1940 oc
411 1888 494 1951 dicio,
516 1889 642 1943 detinent
665 1897 813 1957 aegrotare

37 1973 105 2021 mre,
121 1958 247 2011 detinent
260 1957 372 2024 alligari
386 1973 481 2025 poree,
497 1958 623 2031 desipnm
634 1962 704 2012 mori
721 1975 812 2026 poree.

37 2027 54 2079 l.
71 2030 204 2081 Nonium
218 2037 274 2079 torn
287 2029 454 2095 ineptur‚’ut
467 2029 631 2095 Epicuream
643 2029 811 2080 cantilenam

37 2111 63 2149 oe
73 2099 134 2151 loco
148 2106 354 2166 persequenter
366 2097 473 2159 dicum,
487 2115 571 2150 venor
583 2114 645 2150 erre
656 2096 811 2149 inferorum

37 2176 112 2229 tetur,
133 2183 184 2220 nec
194 2168 318 2219 irionem
332 2174 395 2219 rote
405 2168 493 2228 volvi,
515 2181 672 2219 neccarum
691 2164 814 2218 humeris

37 2236 121 2305 luypbi
138 2236 216 2289 trudi
232 2237 435 2297 incruentum,
451 2251 502 2287 nec
513 2236 599 2288 ullius
611 2237 757 2288 vircereet
773 2250 814 2286 re·

37 2309 85 2360 trel
103 2323 186 2374 poete
205 2306 340 2373 quotidie,
353 2314 381 2359 et
392 2306 477 2371 carpi.
513 2304 602 2358 Nemo
613 2312 669 2357 torn
683 2320 751 2373 puer
761 2313 813 2366 ert,

37 2378 204 2431 tCerberom
223 2378 322 2429 timent
338 2383 367 2427 et
383 2376 523 2437 tenebret,
543 2383 571 2427 et
587 2375 720 2428 lervelent
738 2374 815 2426 hobi·

37 2461 65 2497 tn
78 2447 161 2498 nudie
172 2447 284 2498 omibus
300 2445 519 2497 cohaerentium.
558 2444 598 2498 18.
616 2445 694 2498 More
704 2461 755 2497 nor
766 2452 814 2497 eut

37 2518 156 2579 intumit,
168 2523 219 2568 ont
231 2515 318 2568 exuit.
342 2515 458 2566 Emissis
469 2516 587 2567 meliore
599 2523 716 2579 restant,
728 2530 813 2568 onere

37 2594 151 2639 enarro:
164 2585 320 2637 conrumtir
332 2582 399 2636 nihil
410 2591 510 2636 restet:
528 2587 602 2637 bone
612 2588 718 2652 puriter
729 2586 813 2637 nteln-

37 2670 61 2707 re
75 2659 210 2707 submoto
223 2660 297 2704 tunt.
335 2652 468 2705 Permitte
485 2653 551 2705 mibi
564 2653 669 2707 referre
686 2652 813 2706 hocloco

37 2740 83 2776 turn
97 2740 225 2784 verrunt,
235 2724 258 2774 ri
271 2723 347 2790 prius
357 2724 542 2786 admonuero,
557 2731 588 2774 ut
600 2731 627 2773 te
639 2721 746 2773 iudicer
759 2736 813 2771 nnn

37 2794 69 2845 iic
79 2795 231 2860 rcriprirre
243 2794 311 2853 itte,
326 2793 374 2844 red
383 2794 467 2845 etiem
479 2793 541 2843 tibi.
577 2793 671 2857 'l'orpe
683 2799 725 2841 ert
738 2790 813 2841 aliud

37 2866 97 2930 qui,
115 2862 196 2916 uliud
211 2862 329 2913 sentire:
346 2869 449 2928 quanto
466 2863 583 2928 turpius,
595 2859 671 2912 eliud
685 2859 814 2920 scribere,

37 2934 83 2986 iod
103 2930 232 2987 sentirei
259 2929 375 2983 Memini
397 2938 425 2983 te
447 2930 525 2983 illum
549 2930 641 2981 locum
664 2927 813 2995 aliquando

37 3013 161 3067 emme,
179 3016 235 3053 non
251 3008 364 3066 repente
380 3015 431 3052 noe
445 3001 472 3051 in
484 3007 600 3050 mortem
613 2997 749 3056 incidere,
764 2995 813 3049 red

37 3073 167 3124 inutetim
178 3071 340 3136 procedere.
380 3069 420 3124 w.
441 3067 578 3135 Quotidie
589 3068 825 3138 nonnionem·

37 3142 70 3192 lie
78 3141 154 3192 erim
165 3139 290 3191 demitur
298 3139 394 3208 elipnn
406 3156 476 3209 perr
486 3145 585 3203 vitae:
598 3154 628 3205 nt
639 3154 713 3202 tunc
723 3153 842 3216 quoque
