1964 3434
418 533 637 589 SENECAE

126 674 182 712 non
194 655 320 724 estquod
332 655 484 709 feliciorem
501 672 565 708 eum
579 654 698 716 iudices,
717 655 765 706 cai
779 656 916 712 submarc-
969 672 977 715 ι

127 737 181 790 tur,
202 741 282 794 qaam
294 732 331 786 te,
348 742 427 794 quem
439 727 521 779 lictor
532 726 632 779 censita
643 725 749 778 deiicit.
786 725 919 781 Sivissa
968 750 977 784 ι

128 813 222 850 escere
234 797 285 848 tibi
299 796 381 860 utile,
404 796 471 847 rrulli
482 804 574 848 autem
586 810 670 863 grase
680 794 844 861 imperium,
862 796 920 850 rob-
968 806 977 854 ι

127 883 206 919 onore
217 867 294 919 vitia.
332 866 413 917 Multi
425 866 616 926 inveniuntur,
631 864 683 931 ‚qui
695 865 788 931 ignem
801 866 920 918 inferant
968 891 977 925 ι

129 936 256 998 urbibus,
277 937 324 1003 qui
335 935 564 1002 inexpugnabilia
575 934 692 996 seculis,
712 942 742 986 et
758 949 809 1001 per
818 935 922 1003 aliquot
964 947 977 1000 ,Ι

128 1014 235 1059 aetates
247 1014 309 1057 tuta
320 1012 510 1072 prosternant,
531 1004 577 1071 qui
589 1019 711 1070 aequum
724 1007 834 1057 arcibus
843 1020 922 1072 agge·
968 1013 977 1061 i

128 1092 185 1129 rem
198 1075 343 1137 attollant,
355 1083 384 1126 et
396 1090 489 1127 muros
501 1075 530 1126 in
542 1075 639 1125 miram
652 1073 829 1127 altitudinem
840 1076 924 1126 adda·
970 1100 977 1129 r

129 1154 189 1198 ctos
201 1146 333 1199 arietibus
344 1160 377 1195 ac
387 1143 520 1196 machinis
530 1152 674 1212 quassent:
697 1143 742 1195 til.
759 1145 923 1206 multisunt,
960 1151 977 1197 '1

129 1218 175 1283 qui
187 1224 251 1266 ante
261 1230 292 1265 se
306 1221 390 1281 agant
403 1217 526 1281 agmina,
546 1221 574 1265 et
589 1213 675 1279 tergis
689 1212 813 1264 bostiam
829 1229 922 1281 graves
973 1231 977 1248 ·

128 1286 247 1344 instent,
266 1291 295 1336 et
312 1284 348 1334 ad
361 1299 436 1335 utare
448 1298 575 1349 stagnum
588 1281 692 1349 pertusi
705 1283 790 1334 caede
801 1285 921 1352 gentiunt
974 1319 977 1337 ι

127 1356 251 1406 veniant:
273 1352 322 1406 sed
334 1352 362 1403 bi
373 1368 492 1420 quoque,
503 1361 534 1404 ot
546 1355 687 1405 vincerent
698 1350 815 1413 bostem,
825 1353 923 1421 cupidi·

128 1430 187 1476 tate
198 1424 262 1473 victi
273 1429 345 1474 sunt.
382 1423 469 1475 Nemo
482 1423 538 1473 illis
550 1423 724 1475 venientibus
736 1425 855 1487 restitit,
876 1421 921 1474 sed

128 1509 178 1546 nec
193 1493 246 1558 ipsi
262 1493 408 1547 ambitioni
426 1493 641 1560 crudelitatique
662 1493 841 1545 restiterant:
861 1501 921 1546 tuac

128 1578 212 1632 qaum
225 1577 308 1630 agere
320 1564 372 1615 visi
384 1571 448 1615 sunt
459 1563 545 1626 alios,
564 1564 729 1629 agebantur.
765 1565 876 1630 Agebat
883 1564 920 1613 in·
963 1616 965 1622 Α

127 1633 238 1687 felicem
248 1633 429 1686 Alexandrum
444 1633 523 1685 furor
537 1632 628 1684 aliena
645 1631 827 1694 devastandi,
847 1642 876 1686 et
890 1630 921 1684 ad
964 1666 965 1670 =

127 1708 224 1771 ignota
235 1703 372 1755 mittebat.
394 1703 438 1754 62.
447 1705 488 1755 Aa
504 1709 533 1755 tu
545 1708 626 1768 putas
636 1717 743 1764 sanum,
755 1704 803 1768 qui
814 1720 833 1755 a
844 1702 932 1755 cre

126 1776 187 1826 ciae
204 1775 322 1839 primum
339 1772 477 1832 cladibus,
498 1773 591 1838 inqua
602 1770 725 1824 eruditos
736 1785 794 1834 est,
814 1773 926 1840 inania

127 1842 174 1909 qui
185 1841 258 1907 quod
270 1845 370 1909 cuique
383 1841 517 1908 optimum
526 1842 701 1909 estempuiti
712 1842 922 1896 Lacedaemon

126 1911 232 1965 servire
251 1911 337 1972 iubet,
358 1909 480 1965 Athenas
501 1919 604 1965 tacere.
641 1912 701 1964 Non
719 1921 871 1967 contentus
885 1920 922 1966 tot

128 1983 272 2034 civitatum
285 1991 461 2049 strage‚quas
471 1988 519 2033 aut
531 1981 785 2049 nicerathilippas
795 1993 847 2036 aot
857 1997 922 2036 eore-
974 1988 975 1995 ’

127 2059 184 2113 rat,
195 2058 224 2104 et
236 2052 304 2103 alias
316 2052 374 2104 alio
386 2052 448 2104 loco
458 2051 583 2118 proiicit,
595 2059 624 2105 et
634 2057 695 2104 toto
706 2053 775 2104 orbe
786 2069 864 2106 arma
874 2054 921 2106 cir·

128 2121 259 2177 camiert:
282 2137 331 2175 nec
342 2122 468 2176 substitit
478 2137 593 2189 usquam
603 2123 677 2174 lassa
688 2124 858 2186 crudelitas;
877 2126 922 2176 in·

127 2192 250 2244 manium
262 2190 382 2245 ferarum
400 2193 504 2253 modo‚-
519 2207 589 2259 quae
606 2192 667 2259 plus
683 2207 767 2258 quam
785 2197 875 2262 exigit
887 2193 924 2245 ia·

128 2277 196 2322 ares,
207 2263 343 2314 mordent.
360 2261 403 2315 63.
415 2264 471 2314 lam
482 2262 511 2312 in
524 2277 605 2313 unum
615 2276 728 2329 regnum
742 2264 924 2332 mairanegas

128 2333 260 2392 comaclu
272 2336 324 2382 inm
337 2331 437 2383 Graeci
448 2332 602 2399 Persaeque
613 2331 730 2386 eundem
743 2334 858 2398 timent,
872 2338 922 2385 ian

129 2402 211 2453 etiam
222 2416 240 2451 n
248 2401 337 2451 Dario
348 2401 454 2454 liberae
465 2403 591 2455 nationes
602 2402 696 2470 iugum
710 2407 867 2470 accipiente
881 2403 933 2456 bic.

130 2480 223 2522 tamen
234 2469 310 2521 ultra
319 2470 456 2522 Oceanum
468 2472 619 2539 solemque,
638 2471 802 2538 indignatur
812 2475 847 2526 ab
859 2474 925 2527 Ear-

127 2539 197 2593 culie
206 2538 355 2604 Liberique
366 2541 493 2607 vestigiis
504 2541 647 2595 victoriam
659 2540 786 2605 flectere,
808 2546 862 2612 ipsi
880 2559 926 2596 na·

126 2611 271 2665 tamarim
284 2615 374 2676 parat.
410 2609 472 2661 Non
487 2610 537 2664 ille
554 2611 595 2664 ire
605 2612 678 2674 vult,
698 2612 749 2664 sed
765 2629 821 2665 non
837 2618 934 2680 potest,
949 2657 961 2679 ‚

128 2689 215 2733 stare:
227 2694 283 2732 noa
294 2679 386 2742 aliter,
396 2695 476 2747 quam
487 2681 515 2731 in
526 2695 657 2749 praeceps
671 2682 785 2735 deiecta
794 2684 933 2751 pondera,

128 2752 226 2818 quibus
237 2750 318 2802 eundi
329 2750 390 2802 bnis
401 2757 461 2812 est„
478 2750 603 2805 iacuisse.
638 2751 680 2804 64.
700 2752 805 2806 Neon.
817 2753 932 2822 quidem.

127 2821 259 2886 Pompeio
271 2826 385 2872 externa
394 2820 524 2873 bellaaut
534 2821 684 2874 domestica
696 2825 786 2875 virtus
799 2826 930 2876 autratio.

127 2890 275 2952 suadebat,
303 2889 350 2944 sed
371 2890 481 2943 irrsnnus
502 2907 580 2944 amor
600 2893 802 2960 magnitudinis
824 2895 930 2953 falsaer

127 2958 211 3009 modo
227 2960 254 3010 io
270 2961 433 3026 Hispaniam
450 2969 477 3013 et
493 2960 655 3015 Sertoriana
673 2979 768 3026 arura,
789 2965 872 3016 modo
888 2962 920 3015 nd

126 3026 302 3097 colligendos
312 3031 426 3098 piratas,
437 3033 568 3085 acmaria
578 3033 702 3098 pacanda
712 3035 840 3087 radebat.
860 3035 928 3086 ilas,

5 3124 48 3143 ι-
115 3101 363 3172 praetexebantur
387 3116 522 3167 caussae,
537 3101 577 3154 ab
593 3103 803 3157 continuandam
825 3118 917 3173 ecten-
