1964 3434
282 486 573 546 EPlS'l‘OLAE.
608 489 653 544 94.
826 490 869 545 sb

72 618 209 666 metunos
220 610 341 663 adillam
358 614 435 681 cogi,
455 629 505 666 nec
521 615 646 668 mercede
663 615 792 668 conduci:
813 630 868 669 non

71 700 133 736 esse
150 683 269 743 iustum,
290 683 335 733 cui
352 683 500 749 quidquam
520 684 549 733 in
571 683 623 735 hac
642 687 747 738 virtute
767 685 868 752 placet,

71 760 184 820 praeter
195 754 290 818 ipsam.
311 753 386 802 llaec
398 767 480 817 quum
492 755 615 818 persuasi
628 752 702 815 mihi,
714 761 742 806 et
752 756 869 821 perbibi,

72 821 137 891 quid
158 823 214 873 ista
234 825 380 887 praecepta
397 822 556 887 proliciunt,
578 837 647 890 quae
663 823 800 874 eruditum
817 826 866 876 do·

72 891 153 944 cent!
183 891 337 955 Praecepta
348 890 414 941 dare
426 890 534 953 scienti,
547 906 746 958 supervacuum
758 899 812 943 est:
824 909 870 945 ne·

71 962 181 1023 scienti,
195 974 300 1028 parurn.
318 960 418 1010 Audire
429 962 501 1011 eninr
514 962 604 1023 debet,
616 976 670 1012 non
682 963 789 1014 tantum
802 963 867 1029 quid

20 1077 22 1087 ,
70 1033 122 1082 sibi
134 1029 331 1097 praecipiatur,
352 1028 400 1079 sed
413 1031 497 1081 etiam
510 1045 603 1098 quare.
641 1030 681 1082 12.
700 1031 807 1091 Utrum,
826 1032 867 1082 in·

14 1087 21 1160 ,⁴
70 1116 172 1168 quam,
193 1113 271 1150 veras
287 1099 429 1164 opiniones
445 1096 556 1150 habenti
573 1100 704 1152 debonis
724 1100 869 1166 malisque,

70 1179 136 1221 sunt
149 1168 353 1228 necessariam
365 1185 420 1218 nnn
432 1167 561 1220 habenti!
574 1172 626 1233 Qui
638 1186 692 1221 nun
700 1168 792 1230 habet,
800 1168 869 1221 nihil

69 1255 88 1292 a
98 1249 127 1292 te
140 1237 331 1289 adiuvabitur:
352 1253 433 1289 aures
444 1240 505 1289 eius
516 1241 657 1291 contrario
667 1240 869 1291 monitionibus

69 1310 126 1362 tuis
140 1307 217 1359 lanta
229 1305 357 1373 possedit.
390 1309 443 1367 Qui
457 1306 538 1359 habet
551 1319 679 1361 exactum
691 1310 821 1360 iudicium
833 1309 869 1361 de

70 1377 213 1447 fugiendis
223 1375 415 1443 petendisque‚
436 1377 489 1428 scit
505 1378 569 1444 quid
585 1379 635 1430 sib'
652 1378 804 1430 laciendum
822 1381 868 1441 sit,

71 1452 156 1502 etiam
169 1454 197 1498 te
208 1453 325 1497 tacente.
362 1448 436 1497 Tota
451 1461 517 1513 ergo
533 1462 596 1513 para
612 1451 666 1499 istu
677 1447 868 1514 philosophiae

70 1519 232 1570 submoveri
245 1522 345 1580 potest.
380 1514 423 1566 13.
444 1516 505 1566 Duo
517 1524 590 1577 sunt,
611 1526 727 1583 propter
739 1532 809 1583 quus
821 1516 869 1569 de·

68 1588 236 1655 linquimus:
248 1584 302 1635 Aut
313 1584 384 1635 inest
393 1585 485 1635 animo
498 1587 589 1650 pravis
600 1587 779 1651 opinionibus
792 1585 870 1635 mali·

68 1659 112 1711 tia
123 1662 285 1708 contracta:
307 1654 449 1705 autetiam
460 1655 485 1705 si
498 1670 551 1704 non
564 1662 606 1707 est
617 1654 696 1706 falsis
708 1662 868 1721 occupatus,

68 1727 104 1781 ad
117 1725 191 1777 salsa
201 1723 332 1791 proclivis
342 1732 396 1784 est,
409 1729 437 1775 et
446 1725 503 1776 cito
514 1725 614 1790 specie,
625 1741 678 1793 quo
690 1740 742 1776 non
756 1730 868 1790 oportet

68 1794 211 1856 trahente,
232 1794 426 1860 corrumpitur.
462 1795 558 1861 ltaque
569 1794 698 1846 debemus
709 1803 758 1847 aut
769 1810 866 1862 percu·

68 1870 262 1919 recensentem
275 1875 398 1930 aegram,
419 1868 447 1915 et
462 1863 539 1914 vitiis
555 1863 688 1929 liberare3
710 1874 759 1917 aut
770 1880 867 1915 vacan-

68 1947 126 1988 tem
142 1933 266 2002 quidem,
288 1932 335 1983 sed
352 1932 385 1983 ud
398 1933 493 1998 peiora
503 1947 632 1999 pronam,
654 1949 867 2001 praeoccupare.

69 2007 223 2070 Utrumque
239 2002 351 2053 decreta
366 2000 558 2069 philosophiae
580 2003 700 2054 iaciunt:
723 2019 789 2071 ergo
810 2003 868 2055 tale

69 2072 259 2144 praecipiendi
272 2086 357 2138 genus
369 2070 436 2121 nihil
448 2076 513 2139 agit.
534 2071 574 2121 ld.
586 2073 744 2134 Praeterea,
756 2074 779 2122 si
791 2088 868 2138 pree·

71 2151 153 2213 cepta
168 2142 286 2210 singulis
304 2140 414 2202 dantus,
436 2140 713 2207 incomprehensibile
729 2158 798 2209 opus
815 2149 866 2192 est.

70 2216 133 2268 alia
153 2216 226 2265 enim
249 2211 315 2261 dare
338 2209 468 2261 debemus
489 2210 661 2273 loencranti,
682 2211 740 2262 alia
764 2210 867 2262 colenti

69 2280 867 2419 iiiesill{blithildemllllhztltl·

94 2394 102 2416 t
265 2385 272 2409 t
639 2390 645 2403 ·
856 2380 866 2393 ”

70 2426 115 2476 nio
136 2421 308 2491 praecipias,
329 2418 467 2486 quomodo
488 2421 565 2473 vivut
586 2436 646 2474 curn
663 2436 749 2474 uxore
764 2421 867 2488 uliquis

70 2510 150 2563 quam
165 2491 296 2558 virginem
309 2487 542 2555 duxit,quomodo
554 2506 615 2544 cum
628 2507 661 2543 ea
672 2492 867 2559 quaealicuius

69 2572 133 2616 aute
145 2558 352 2613 matrimonium
365 2565 480 2625 experta
492 2567 547 2623 est,
563 2561 791 2629 quemadmodum
805 2574 866 2611 curn

68 2633 219 2701 locuplete,
232 2628 460 2697 quemadmodum
472 2645 533 2681 cum
545 2631 681 2682 indotata.
707 2628 745 2682 15.
759 2633 797 2681 dn
810 2644 866 2679 nnn

68 2712 151 2774 putas
163 2700 267 2768 aliquid
278 2713 339 2749 esse
351 2696 517 2750 discriminis
533 2701 607 2752 inter
623 2700 747 2751 sterilem
765 2706 793 2751 et
810 2698 868 2749 loe·

68 2774 185 2828 tundam
193 2789 207 2834 ,·
223 2771 297 2820 inter
318 2764 513 2832 proiectiorenr
536 2776 565 2821 et
579 2770 698 2836 puellam
716 2769 791 2820 inter
810 2782 867 2818 ma·

67 2861 137 2899 trem
159 2849 188 2894 ct
210 2836 374 2890 novercaml
400 2837 500 2890 Omnes
521 2839 626 2906 species
645 2839 791 2904 complecti
812 2852 866 2887 non

9 2969 12 2976 ,
64 2926 230 2985 possumus:
254 2906 329 2972 atqui
345 2905 470 2972 singulae
487 2909 599 2975 propria
618 2908 739 2974 exigunt.
775 2907 867 2974 Leges

63 2995 157 3040 nutem
171 2975 369 3050 philosophiae
379 2975 476 3026 breves
492 2986 569 3041 sunt,
591 2984 619 3031 et
634 2979 727 3030 omnin
743 2977 866 3046 alligant.

65 3057 99 3113 ltl
119 3054 222 3111 adiice
232 3060 314 3109 nunc,
325 3044 398 3114 quotl
409 3044 543 3115 sapientis
555 3056 704 3118 praecepta
715 3048 796 3100 linita
806 3062 866 3101 esse
