1912 3534
276 109 574 162 EPlSTOLAE.
612 111 651 163 17.
832 110 865 162 dl

12 242 13 245 ’
52 228 159 282 iubeo:
182 227 256 278 siud
269 229 346 279 illam
359 244 493 280 sunmram
506 244 668 295 pervenero,
690 237 755 282 tunc
766 246 809 282 me
820 238 863 281 to·

55 307 115 351 tun
126 297 329 366 philosophiae
343 298 423 349 «labo.
461 301 543 366 Atqui
557 298 625 350 nihil
637 303 712 366 prius
723 301 803 368 qurum
816 300 868 351 hoc

8 374 11 391 ⁵
57 367 214 435 parandum
228 375 285 417 est:
308 368 380 432 quud
393 376 421 417 tu
433 367 536 430 differs,
558 374 585 419 et
595 378 659 435 post
671 377 764 421 cetera
774 385 867 436 paras,

58 440 91 488 ab
102 436 158 488 hoc
170 436 361 502 incipiendum
375 446 426 487 est.
462 437 487 488 ὃ.
505 437 617 502 Parare,
628 440 730 507 inquis,
746 440 818 490 unde
829 443 868 489 vi·

6 516 7 520 ’
58 505 223 568 ramaclo.
260 505 351 557 Simul
362 514 391 557 et
403 506 502 571 parare
513 508 596 558 disce.
631 507 660 559 Si
673 509 738 574 quid
749 514 778 562 te
790 515 869 558 vetat

60 576 259 633 herculeam,
280 574 351 625 bene
368 579 438 625 mori
457 592 510 625 non
526 583 612 628 vetat.
651 577 713 628 Non
729 586 772 627 est
793 578 867 643 quud

0 653 2 661 ‘
61 652 213 712 paupertas
224 659 276 693 nus
286 659 305 694 a
316 642 491 710 philosophia
501 652 623 706 revocet,
643 662 677 697 ne
688 652 797 712 egestas
809 649 870 712 qui·

0 744 5 747 -
61 715 138 765 dem:
160 713 309 764 toleranda
324 720 368 764 est
382 716 453 765 enim
470 713 505 764 ad
524 714 576 766 hoc
591 715 806 782 properantibus
823 715 868 766 vel

5 837 12 856 2
62 783 160 843 fames,
171 797 256 848 quam
269 783 430 834 toleravere
441 783 554 850 quidam
564 788 592 835 in
605 786 806 838 obsidionibus.
832 787 869 835 Et

62 853 134 920 qnod
147 852 226 902 aliud
238 860 300 902 erat
309 852 386 903 illius
399 854 548 918 patientiae
560 856 722 919 praemium,
745 870 826 922 quarn
840 855 867 903 in

62 924 209 974 arbitrium
222 935 277 970 nnn
291 921 390 974 cadere
401 923 530 973 victorini
543 923 868 985 Quantohocmalusest,

61 1008 115 1060 quo
130 990 309 1058 promittitur
319 1000 454 1057 perpetua
465 993 593 1054 libertas,
616 994 733 1054 nullius,
752 1010 802 1044 nec
819 992 870 1041 ho·
911 1040 916 1045 .

1 1077 3 1097 ¹
63 1063 160 1115 minis.
185 1076 237 1110 nec
250 1059 303 1110 Dei
320 1060 421 1112 timori
442 1062 479 1112 Et
494 1063 604 1127 quidem
622 1063 665 1113 vel
681 1063 816 1112 esurienti
832 1060 868 1110 nd

0 1131 3 1162 ἵ
62 1132 115 1182 ista
130 1128 296 1181 veniendum
314 1136 366 1181 est.
402 1132 427 1182 6.
449 1131 575 1196 Perpessi
591 1136 656 1181 sunt
671 1133 810 1182 exercitus
827 1131 868 1178 in·

4 1252 5 1255 ,
63 1202 152 1268 opiam
166 1198 291 1249 omnium
302 1215 405 1262 rerum,
418 1201 547 1252 vixerunt
558 1199 707 1251 herbarum
720 1199 870 1258 radicibus,

0 1331 2 1338 y
63 1280 89 1323 st
104 1272 184 1321 dictu
199 1266 293 1319 foedis
309 1269 434 1319 tulerunt
450 1268 560 1321 laniem.
598 1271 675 1322 llaec
685 1269 777 1319 omnia
789 1268 865 1334 pinosi

19 1382 21 1405 ἶ
61 1349 122 1391 runt
134 1354 187 1405 pru
200 1352 288 1406 regno
301 1339 365 1404 (quo
378 1339 465 1405 magis
477 1339 711 1401 mireris)alieno:
724 1337 866 1389 dubitabit

62 1411 160 1477 aliquis
171 1408 248 1459 serre
260 1414 468 1473 paupertatem,
490 1415 522 1459 ut
537 1409 660 1460 oninium
679 1409 820 1460 furoribus
831 1408 864 1457 li-

10 1493 20 1515 n
61 1479 156 1530 bereti
181 1480 243 1528 Non
262 1484 305 1528 est
320 1491 386 1542 ergo
403 1478 480 1543 prius
495 1479 701 1546 acquirendum.
738 1479 818 1529 Licet
831 1475 867 1526 ad

8 1548 17 1616 t*
64 1548 269 1615 philosophiam
287 1548 369 1597 etiam
388 1546 447 1598 sine
458 1550 559 1598 viatico
572 1549 723 1614 pervenire.
761 1548 803 1597 lta
815 1552 869 1605 est,

10 1624 14 1684 t
67 1634 144 1685 quum
158 1617 255 1666 omnia
268 1613 407 1677 habueris,
415 1624 478 1668 tunc
486 1626 518 1680 ,et
528 1618 693 1683 sapientiam
707 1613 808 1667 habere
821 1629 868 1663 vo-

66 1688 110 1740 les.
149 1689 229 1737 llaec
241 1685 298 1736 erit
312 1684 439 1736 ultimum
452 1687 528 1737 vitae
539 1687 764 1744 instrumentum,
786 1692 814 1733 et
826 1686 870 1749 (ut

16 1745 17 1755 ³
67 1759 101 1808 its
110 1757 218 1815 dicam)
228 1754 461 1806 additamentum.
490 1758 533 1806 'l'u
545 1770 623 1818 vero,
634 1757 692 1805 sive
703 1753 808 1819 aliquid
823 1750 870 1801 ha·

14 1781 18 1895 ς
68 1829 116 1889 bes,
130 1829 186 1880 iam
201 1820 412 1893 philosophare:
431 1825 504 1876 unde
515 1825 586 1875 enim
599 1826 662 1887 scis,
673 1839 707 1873 an
719 1825 773 1874 iarn
788 1822 871 1871 nimis

15 1911 18 2003 Ι
68 1896 182 1950 hebens!
193 1900 255 1947 sire
266 1892 403 1955 nihil,hoc
415 1895 492 1960 prius
504 1908 700 1960 quamquam
708 1893 870 1962 quidquam.

15 2026 16 2033 ἵ
68 1968 88 2018 i.
100 1973 135 2020 tt
147 1965 311 2018 necessaria
323 1964 448 2016 deerunt.
483 1964 604 2016 Primum
617 1965 713 2016 deesse
727 1979 779 2014 non
792 1968 870 2029 pote·

15 2035 16 2039 ’
67 2046 137 2098 runt,
154 2037 225 2102 quia
237 2042 339 2085 ustura
349 2035 491 2084 minimum
503 2034 586 2100 petiit
608 2043 723 2085 naturae
732 2040 825 2083 autern
837 2047 869 2082 se

67 2110 173 2174 rapiens
189 2103 398 2156 accommodat.
434 2102 486 2154 Sed
508 2104 532 2154 si
553 2107 732 2155 necessitates
750 2102 869 2151 ultimae

67 2176 221 2233 inciderint,
232 2172 394 2224 iamdudum
408 2175 519 2224 exsiliet
530 2188 545 2225 e
557 2174 623 2235 vita,
631 2181 658 2224 et
669 2173 803 2224 molestus
814 2170 869 2219 sibi

67 2261 121 2297 osse
140 2245 264 2297 desinet.
301 2240 330 2292 Si
350 2257 416 2293 vero
431 2244 559 2308 exiguum
577 2242 663 2293 fuerit
673 2249 701 2292 ct
712 2245 869 2306 unguntum,

16 2313 18 2319 ⁴
68 2330 117 2382 quo
130 2316 223 2380 possit
235 2315 296 2363 vita
306 2311 435 2377 produci:
455 2312 483 2361 id
497 2312 563 2361 boni
576 2311 710 2371 consulet,
732 2323 782 2358 nec
794 2307 870 2356 ultra

7 2440 10 2451 ί
67 2385 224 2436 necessaris
241 2381 368 2432 solicitus
383 2387 433 2431 aut
450 2381 562 2440 anxius,
584 2380 675 2430 ventri
697 2384 726 2428 et
746 2375 871 2441 scapulis

27 2494 29 2503 ,
66 2470 139 2505 mum
153 2452 270 2511 reddet,
288 2458 316 2501 et
328 2450 524 2516 occupationes
537 2449 663 2509 divitum,
679 2445 869 2498 concursatio·

66 2538 166 2591 aesque
178 2521 215 2571 ad
232 2520 346 2570 divitias
357 2519 496 2580 cuntium,
518 2533 632 2568 securus
644 2518 787 2580 laetusque
799 2514 871 2565 ride·

66 2591 113 2653 bit,
122 2610 156 2644 uc
170 2591 263 2642 dicct:
292 2590 317 2639 8.
331 2590 403 2652 Quid
415 2590 443 2640 in
455 2589 572 2660 longum
584 2588 645 2658 ipse
654 2594 684 2641 tc
695 2581 810 2640 bittunt
831 2597 880 2638 ex·

6 2680 25 2746 gg
58 2662 233 2724 spoctatione
246 2656 372 2710 foenoris
391 2671 560 2733 quaestum,
582 2673 635 2721 aut
651 2681 687 2721 cx
704 2676 804 2718 nterea
817 2671 897 2710 cum·
