1838 3456
286 568 571 622 aristoneto.
609 571 649 622 74.
815 571 867 624 205

35 692 39 727 ’ἓ
57 689 195 750 extuli,in
209 687 321 740 illorum
334 689 425 740 iocum
436 692 564 756 impietas
577 691 710 743 succedit.
728 691 770 743 24.
782 691 864 744 Dein·

59 758 89 810 de
101 774 160 810 non
174 759 331 808 amicorum
344 759 405 821 ilie,
427 769 475 810 aut
486 759 635 811 liberorum
647 762 779 814 interitus
787 799 795 825 ,
816 762 865 813 red

7 891 21 895 -
37 843 41 857 *
60 842 210 894 corporum
224 833 276 878 eat.
313 827 419 878 Bonum
431 835 525 880 autem
538 845 593 880 uno
603 829 684 880 niodo
696 832 783 898 perit,
803 835 827 882 ni
837 834 866 881 in

9 922 28 970 p
41 950 42 954 ,
64 900 160 949 nuum
175 895 287 955 transit,
298 896 371 963 quod
382 904 483 949 natura
493 913 548 949 non
560 900 678 965 patitur:
700 901 765 967 qnia
776 901 867 952 omnir

0 976 39 1031 'sſs
65 970 148 1018 virtus
176 973 207 1016 et
226 979 296 1031 opua
318 981 399 1019 omne
420 967 533 1018 virtutin
554 969 744 1033 incorruptum
766 976 866 1024 manet.

0 1008 37 1103 ἦ
67 1035 184 1096 Deinde,
195 1036 305 1085 etiamsi
315 1036 396 1086 amici
409 1037 561 1103 perierunt,
581 1039 692 1088 etiamni
704 1036 814 1103 probati
827 1052 868 1089 re·

0 1116 36 1160 Ξ·
67 1103 292 1172 apondenteaque
309 1112 373 1155 voto
390 1106 477 1171 patria
492 1105 588 1157 liberi:
610 1113 653 1157 ent
669 1107 741 1172 quod
753 1105 866 1158 iilorum

3 1207 27 1293 i
67 1173 300 1306 timu.
329 1173 867 1311 ⁹23?‘'iiiiiiiiiiii‘ziiiiiitif

67 1323 152 1365 totum
165 1313 290 1365 animum
303 1313 563 1373 tenet,deaiderium
572 1314 694 1365 omnium
705 1314 795 1367 tollit:
806 1314 868 1366 aoia

65 1384 131 1434 antia
154 1389 210 1436 eat.
248 1383 377 1434 omniurn
395 1383 467 1434 enim
484 1384 618 1434 bonorum
638 1383 680 1434 via
697 1391 726 1435 et
743 1385 824 1450 origo
840 1387 866 1433 in

63 1452 123 1519 ipra
135 1458 191 1504 ert.
229 1451 301 1514 Quid
316 1451 410 1512 refert,
422 1466 457 1503 an
468 1466 541 1519 aqua
551 1451 700 1504 decurrens
711 1454 869 1518 intercipia-

65 1530 108 1573 tur
118 1530 206 1588 atque
218 1522 309 1581 abeat,
329 1521 352 1570 ai
366 1519 430 1571 fona
442 1535 476 1572 ex
489 1534 542 1586 quo
554 1519 683 1581 fluxerat,
703 1521 797 1572 salina
808 1523 868 1572 eati

22 1638 23 1643 ,
63 1593 121 1644 Non
133 1593 212 1644 dicer
223 1592 308 1640 vitani
320 1591 466 1641 initiorum
478 1588 565 1641 rairir
576 1590 682 1652 liberie,
694 1604 774 1655 quarn
787 1591 868 1640 annia·

15 1656 28 1727 ζ
62 1664 108 1725 ais,
128 1676 183 1714 nee
194 1660 404 1719 ordinatiorem,
426 1674 476 1711 nee
487 1658 705 1725 prudentiorem,
720 1674 771 1712 nec
783 1659 867 1712 hone·

10 1737 13 1797 j
62 1734 195 1784 rtinrem:
208 1743 276 1796 ergo
286 1744 338 1781 nee
350 1728 493 1780 meliorem
505 1729 624 1795 quidem.
656 1728 717 1781 Non
731 1728 798 1782 iacit
811 1729 867 1780 eoi·

6 1824 10 1858 s
61 1802 146 1854 lectio
159 1803 312 1852 amioorum
324 1799 535 1865 rapientiorem,
557 1814 611 1850 non
628 1797 867 1851 foditatuitiorem

60 1872 215 1924 detractio:
248 1883 316 1936 ergo
341 1883 390 1920 nee
411 1870 579 1929 beatiorem,
610 1876 659 1920 aut
684 1871 866 1921 miseriorem.

60 1940 204 2005 Quamdiu
215 1940 296 1990 aalra
308 1936 393 1990 {nent
403 1940 500 2000 virtue,
508 1955 560 1989 non
572 1939 675 1990 senties
688 1939 868 2005 qnidabaeea·

60 2012 140 2063 aerit.
176 2012 219 2062 26.
240 2006 313 2071 Quin
327 2007 411 2075 ergo!
433 2022 487 2060 non
500 2014 542 2059 ert
553 2008 666 2058 beatior
676 2016 704 2058 et
716 2009 866 2059 amicornm

63 2089 92 2133 et
101 2081 255 2132 liberorum
268 2079 350 2129 turba
361 2075 536 2130 succinerunt
547 2074 650 2138 Quidni
662 2091 715 2125 non
727 2075 780 2125 niti
792 2074 868 2126 Suni-

63 2166 137 2201 mum
154 2150 228 2200 enim
248 2148 350 2199 bonum
365 2164 415 2200 nee
426 2146 601 2212 infringitur,
624 2159 675 2195 nee
690 2152 819 2211 augetur:
841 2146 867 2194 in

61 2235 113 2272 ruo
126 2219 211 2270 modo
224 2225 379 2284 permanet:
392 2227 531 2282 uteunque
543 2213 695 2265 fortunare
706 2213 803 2281 gannit,
813 2213 869 2265 nive

62 2289 105 2340 iiii
120 2295 252 2341 teneatur
265 2287 350 2355 longa
360 2288 492 2354 contigit,
508 2283 566 2335 aire
575 2284 647 2335 eitra
659 2291 828 2336 senectutem
842 2283 870 2334 fl·

62 2362 139 2411 nitur
150 2365 203 2420 eat,
229 2356 325 2409 eadem
338 2371 466 2409 mensura
478 2357 576 2405 nummi
588 2353 654 2405 boni
665 2361 721 2417 eat,
741 2354 869 2422 quamvis

62 2431 167 2482 aetatis
192 2428 304 2478 diveraa
324 2428 368 2478 ait.
406 2427 500 2478 Utrum
524 2426 656 2476 maiorem
677 2440 711 2475 an
735 2426 868 2476 minorem

63 2499 200 2550 circulum
211 2496 332 2556 aeribaa,
354 2496 390 2546 ad
400 2498 519 2562 epatium
532 2494 594 2545 eina
605 2495 742 2561 pertinet,
764 2509 818 2544 non
834 2491 868 2542 ad

63 2569 198 2620 formam:
221 2568 288 2618 iicet
307 2565 379 2616 ulter
399 2565 444 2616 diu
466 2564 611 2626 manterit,
633 2566 750 2614 aiterum
772 2562 869 2611 rtatim

63 2638 230 2696 obduxeris,
252 2641 281 2687 et
296 2636 324 2686 in
342 2650 402 2686 eum
419 2635 448 2684 in
465 2648 519 2701 quo
536 2635 655 2699 scriptun
670 2640 713 2683 ent
729 2630 869 2697 pulverem

63 2707 193 2767 mireris,
213 2707 241 2756 in
263 2706 358 2756 eadem
380 2711 497 2769 uterque
514 2701 606 2752 forma
622 2698 686 2752 tuit.
722 2700 767 2749 27.
788 2697 870 2759 Quod

64 2785 170 2830 rectum
184 2780 236 2835 est,
247 2789 298 2825 nee
308 2774 493 2841 magnitudine
503 2772 735 2827 aeatimntur,nee
746 2781 871 2829 numero,

66 2863 116 2900 aee
127 2854 271 2911 tempore:
289 2858 344 2894 nnn
356 2844 442 2910 magia
454 2841 579 2908 produci,
591 2855 673 2907 quarn
685 2835 812 2889 contrairi
824 2850 870 2902 po·

65 2922 129 2968 tert.
170 2913 325 2971 Honestam
340 2913 428 2964 vitam
439 2927 472 2962 ex
485 2917 594 2962 eentum
607 2922 741 2960 annornm
754 2919 869 2958 numero

2 3017 4 3051 3
64 2985 241 3053 inquantum
254 2982 330 3035 roien
343 2981 461 3045 eorripe,
472 2986 501 3031 et
512 2980 539 3029 in
550 2993 632 3029 unum
647 2978 720 3030 diem
734 2991 814 3044 coge:
826 2990 870 3027 ne·

65 3070 117 3124 pue
128 3055 250 3106 honerta
261 3059 312 3104 eat.
332 3049 420 3103 Modo
432 3048 516 3100 intiun
529 3049 617 3102 virtus
628 3045 766 3107 funditur,
776 3061 877 3115 regna,

1 3118 4 3160 Ῑ
60 3125 151 3182 arou,
167 3120 333 3184 provincias
343 3126 496 3190 temperat,
519 3119 576 3177 tert
587 3122 617 3176 ie
637 3139 688 3189 ea,
707 3116 892 3176 eoiitunixe‘x·

44 3187 113 3244 ων
136 3188 217 3238 ¹⁹¹⁶!
225 3190 407 3261 propinquos
423 3191 602 3271 iiheroaque
619 3137 783 3270 {inponant
796 3187 914 3246 ninum
