1964 3434
279 539 568 596 ειη-ηοω.
603 541 647 597 oo.
818 538 868 602 im

69 658 216 722 redierint,
235 663 264 712 et
284 658 379 713 stetim
399 657 477 711 eliud
499 661 631 728 egerint:
644 677 696 717 ese
716 660 867 717 immerito.

70 731 143 783 Nem
160 732 290 797 primum,
310 743 512 796 supervacuum
523 740 565 783 est
574 728 682 796 dolere,
703 733 726 782 sl
737 731 806 784 nihil
818 731 868 784 do·

71 799 154 852 lensio
165 799 302 866 proficies.
334 797 361 851 ⁷.
378 796 488 852 Deinde
499 798 623 867 iniquum
634 807 676 852 eet
688 801 809 867 queritis
825 816 868 864 ee,

72 866 327 936 quodunicccidit,
346 867 512 920 etomnibus
525 874 621 921 restet.
658 868 774 932 Deinde,
794 870 867 927 desi·

17 959 18 962 ¹
74 938 147 991 elerii
156 937 245 990 stulte
255 936 415 1004 conquestio
427 943 479 1000 est,
488 937 537 989 ubi
550 937 693 989 minimum
702 939 819 997 interest
829 943 868 992 iu·

72 1016 116 1061 ter
131 1007 264 1062 emissum
279 1013 307 1058 et
322 1004 534 1060 desiderantem.
570 1007 612 1058 llo
629 1006 722 1074 itaque
738 1011 868 1074 nequiore

73 1077 166 1129 enims
178 1090 239 1129 csse
250 1075 389 1136 debemus,
401 1076 474 1147 quod
485 1091 554 1146 quos
564 1075 715 1140 counimus,
721 1077 868 1144 sequimur.

71 1145 188 1211 Respice
209 1143 384 1199 celeritatem
405 1144 573 1212 rapidissimi
599 1145 746 1212 temporis:
776 1148 869 1215 cogite

70 1216 237 1269 brevitatem
253 1212 335 1269 huius
351 1215 453 1281 spatii,
471 1230 522 1282 per
532 1213 606 1284 qnod
617 1214 774 1267 citatissimi
784 1217 871 1268 curri·

70 1301 145 1338 nius:
167 1285 284 1337 obseres
295 1283 366 1336 hunc
377 1285 539 1337 comitatum
569 1286 660 1337 eneris
675 1283 800 1347 humani,
821 1299 868 1337 eo-

7 1351 11 1368 ''
69 1356 134 1407 deon
147 1353 297 1416 tendentis,
307 1354 427 1406 minimis
437 1300 591 1406 iutervsflis
603 1354 772 1418 distinctum,
783 1354 867 1408 etiem

68 1424 119 1478 ubi
131 1423 255 1476 meritos
266 1421 406 1474 vitientur:
418 1438 497 1490 quem
511 1430 591 1489 putes
601 1426 725 1491 periisse,
737 1425 868 1490 preemin-

68 1510 118 1547 sus
130 1499 184 1546 est.
210 1493 236 1543 8.
247 1491 318 1554 Quid
330 1496 421 1543 sutem
433 1491 597 1555 dementius,
606 1508 687 1560 quem
700 1509 783 1561 quum
794 1494 867 1547 idem

67 1564 121 1616 tibi
134 1563 191 1613 iter
204 1559 390 1612 emetiendum
406 1560 457 1623 sit,
479 1558 546 1612 llere
562 1576 624 1613 eum
641 1564 686 1629 qui
703 1565 870 1617 antecessit!

67 1635 136 1687 flet
149 1630 251 1698 uliquis
262 1628 659 1697 iectum‚quoslnonignorevit
670 1631 810 1683 interemi
820 1642 869 1684 eut

67 1704 94 1756 si
111 1707 231 1755 mortens
248 1699 278 1752 in
293 1697 404 1752 homine
420 1715 475 1751 non
493 1700 637 1767 cogitauit,
657 1701 710 1754 sibl
727 1702 869 1768 imposuit.

67 1775 137 1826 Flet
147 1770 247 1838 eliquit
259 1767 451 1836 lectum,quod
462 1769 557 1821 siebat
568 1784 623 1821 non
634 1785 716 1837 pesse
726 1787 779 1823 noo
791 1772 868 1826 lieri!

68 1842 206 1913 Quisquis
218 1839 339 1908 aliquem
371 1841 477 1892 ueritor
491 1845 629 1890 mortuum
646 1857 723 1904 esse,
743 1843 868 1909 queritur

67 1913 209 1967 homiuem
227 1909 320 1963 luisse.
382 1923 456 1963 mnes
473 1908 571 1961 eedem
588 1910 712 1965 conditio
734 1911 868 1964 detinuit:

68 1983 118 2037 cui
130 1980 207 2035 nesci
218 1977 368 2047 contingit,
389 1977 461 2030 mori
475 1985 572 2037 restet.
608 1979 634 2031 o.
652 1980 810 2034 intervallis
826 1982 868 2034 sii·

70 2050 254 2120 stinguimur,
274 2049 352 2103 exito
366 2063 523 2113 sequemur.
561 2047 622 2101 Hoc
638 2050 709 2116 quod
727 2049 798 2102 ieter
813 2051 869 2116 pri·

71 2137 148 2174 mum
160 2119 232 2175 diem
243 2126 272 2172 et
283 2118 409 2170 ultimum
422 2115 616 2177 iscetresium
629 2126 658 2168 et
669 2118 805 2169 incentum
819 2128 869 2172 est:

68 2195 93 2245 si
115 2189 260 2244 molestias
272 2188 413 2247 aestimes,
425 2187 508 2239 etiem
520 2199 604 2251 puero
617 2184 742 2255 longums
757 2188 782 2238 si
794 2188 869 2240 celo·

72 2265 196 2324 citatem,
217 2259 300 2310 etism
313 2258 371 2311 seni
384 2263 539 2323 sugestum.
574 2252 621 2306 Nil
632 2271 685 2308 noo
697 2256 829 2310 lubricum
841 2267 870 2312 et

71 2331 173 2393 fallax,
184 2335 213 2382 et
222 2329 295 2382 omni
307 2333 475 2394 tempestate
486 2323 625 2378 mobilius.
654 2326 795 2378 leetsotor
805 2344 870 2380 eun·

72 2412 132 2463 cte,
143 2407 172 2452 et
183 2400 211 2453 in
223 2397 392 2454 contrarium
404 2400 562 2455 transeunt,
574 2394 685 2448 iubente
697 2395 819 2450 fortune:
841 2406 870 2450 et

71 2474 100 2525 in
112 2477 191 2522 tsnts
204 2466 376 2521 volutatione
387 2481 478 2525 rerum
490 2463 680 2530 humansrum,
688 2466 869 2533 nilcuiqusm‚

72 2542 126 2600 nisi
148 2553 240 2601 mors,
264 2541 392 2590 certum„
415 2537 459 2590 to.
485 2533 590 2587 Temen
610 2534 645 2589 tle
665 2552 698 2588 eo
719 2544 870 2605 queruntur

73 2602 616 2742 illeillellilllisilllle
633 2602 871 2742 {illinitis

113 2718 119 2731 ι
672 2711 680 2738 p
862 2702 872 2716 '

11 2764 18 2797 t
73 2749 214 2821 iungitur:
235 2747 271 2800 ed
282 2762 343 2798 eum
356 2750 536 2806 transeamus,
548 2745 595 2813 qul
606 2746 760 2798 consenuit.
781 2746 871 2808 Quen·

73 2823 134 2876 tulo
155 2818 242 2872 vincit
261 2813 415 2869 infantem!
443 2812 570 2880 Propone
586 2812 716 2881 profundi
737 2814 872 2882 temporis

73 2890 250 2951 vestientem,
271 2893 300 2938 et
316 2885 473 2937 universum
489 2883 687 2951 complectere:
707 2883 808 2937 deinde
816 2882 871 2937 hoe

74 2959 149 3029 qunti
161 2963 284 3010 estatem
296 2968 426 3008 vocemus
436 2951 599 3016 homonem,
618 2967 749 3019 compens
759 2955 871 3008 mimen-
954 2998 957 3004 ,

74 3047 119 3084 so:
141 3026 261 3092 videbis,
271 3040 352 3095 quem
364 3023 493 3092 exiguum
505 3022 551 3086 sil,
563 3022 638 3091 quod
650 3030 787 3090 optantius,
796 3023 871 3093 quod

75 3095 261 3155 extendimus.
297 3096 339 3151 ll.
357 3091 462 3150 Exnoc
473 3099 606 3164 quuotunn
622 3093 774 3158 lucrinus„
789 3109 878 3162 oum·
923 3158 932 3178 γ’
