1912 3534
286 569 577 622 El‘lSTOLllE.
617 570 657 622 18.
837 572 872 627 43

20 696 25 760 Ἀ
60 707 145 743 esusa
155 707 190 741 ac
201 690 341 741 festorum
354 689 459 740 dierum
472 697 577 741 vestem
589 693 766 744 mutavimus.
785 706 788 712 ’
801 693 831 745 Si
842 701 872 747 te

20 791 21 794 =
62 761 132 812 berse
145 759 330 822 nori,arbitri
343 758 704 827 partibuslunctus‚necper
716 764 808 814 omnia
820 779 871 814 nos

11 832 19 896 ‘fs'
61 833 169 881 similes
180 845 245 880 esse
256 829 379 895 pilestae
391 827 490 879 turbae
501 829 646 890 voluisses,
658 846 708 880 nec
717 847 766 898 per
778 834 872 884 omnia

11 912 17 972 [p
65 899 231 950 dissimiles:
255 899 310 948 nisi
326 896 400 949 torte
416 896 458 948 his
471 898 593 949 maxime
604 897 701 950 diebus
713 902 804 952 animo
817 903 869 952 im·

11 979 17 1007 t
64 969 220 1036 perandum
232 974 289 1029 est,
305 974 337 1016 ut
349 973 416 1017 tunc
425 967 619 1032 voluptatibus
631 970 707 1019 solus
719 969 868 1033 abstinent,

11 1027 17 1096 l
66 1054 149 1105 quum
168 1038 198 1087 iu
214 1037 280 1088 illes
291 1039 381 1086 omnis
392 1037 474 1087 turba
486 1037 640 1102 procubuit.
678 1039 869 1089 certissimum

11 1151 13 1153 .
64 1113 261 1175 argumentum
273 1105 416 1157 firmitatis
426 1121 493 1157 suee
505 1108 594 1172 capit,
607 1110 630 1157 si
642 1106 676 1157 ud
689 1107 790 1158 blande
801 1118 829 1158 et
843 1111 868 1157 iu

11 1186 17 1237 ξ
63 1176 206 1227 luxuriam
223 1174 367 1226 trahentia
385 1190 434 1226 nec
445 1176 481 1236 it,
496 1178 553 1226 'nec
569 1175 727 1226 abducitur.
763 1176 787 1227 3.
809 1178 871 1228 Hoc

11 1243 16 1258 ²
65 1247 153 1296 multo
166 1245 269 1296 fortius
281 1251 333 1306 est,
344 1244 422 1294 ebrio
433 1259 466 1295 sc
477 1248 631 1296 vomitante
642 1245 756 1312 populo,
767 1247 869 1296 siecum

14 1363 17 1371 ,
65 1330 96 1365 ac
106 1316 234 1366 sobrium
248 1329 322 1365 esses
345 1314 412 1365 illud
430 1315 624 1379 temperatius,
644 1332 698 1366 non
720 1331 869 1381 excerpere

12 1406 16 1409 *
65 1401 102 1447 ss,
113 1399 165 1434 nee
177 1385 318 1451 insigniri,
330 1399 380 1434 nee
390 1383 503 1434 misceri
513 1385 653 1435 omuibus:
666 1392 694 1435 et
705 1384 809 1446 eudem,
820 1385 867 1435 sed

64 1471 117 1505 nun
132 1452 346 1512 eodemmodo,
369 1452 469 1503 lacere.
507 1452 589 1503 Licet
604 1455 676 1503 enim
687 1454 746 1505 sine
759 1455 871 1504 luxuria

66 1539 147 1591 egere
163 1522 269 1573 testum
289 1522 370 1572 diem.
409 1523 537 1573 Ceterum
550 1522 621 1572 odeo
632 1524 701 1572 milii
712 1524 802 1588 plucet
813 1530 871 1573 ten·

66 1600 124 1644 tere
136 1593 225 1642 animi
239 1593 280 1641 tui
296 1590 455 1642 tiruiitutem
464 1628 472 1654 ,
493 1599 524 1641 ut
540 1605 574 1641 ex
593 1597 742 1657 praecepto
757 1607 871 1658 niagno·

64 1678 123 1713 rum
135 1663 261 1712 uirorum
275 1662 325 1710 tibi
339 1676 447 1727 quoque
459 1660 640 1726 praecipium:
652 1661 871 1728 interposiesuli·

18 1753 22 1784 t
67 1740 129 1796 quot
146 1731 223 1791 dies,
244 1729 342 1795 quibus
355 1738 502 1780 contentus
515 1729 629 1780 minimo
642 1745 674 1780 sc
685 1731 820 1781 vilissimo
832 1731 868 1779 ci·

11 1837 23 1874 ἱ.
66 1801 113 1863 bo,
133 1796 426 1865 durantquehorrida
442 1807 535 1862 reste,
559 1799 636 1850 dicos
654 1801 721 1851 tibi:
742 1801 804 1851 lluo
826 1807 868 1851 cst

11 1863 23 1921 li
68 1869 136 1935 quorl
150 1867 323 1921 timebatur!
337 1867 363 1917 4
375 1869 404 1919 ln
417 1869 476 1934 ipsa
487 1870 639 1921 securitate
651 1870 758 1921 unimus
769 1871 802 1921 ud
817 1870 868 1920 dit·

11 1920 22 2006 :i
68 1940 151 2004 licilia
162 1955 193 1991 se
205 1944 370 2004 praeparet,
382 1944 410 1989 et
423 1946 519 1989 contre
529 1940 645 1990 iniurius
657 1940 785 1991 fortunae
796 1941 869 1990 intes·

11 2018 13 2069 J
68 2008 200 2060 licneticie
223 2008 358 2058 firmetur.
395 2007 479 2058 Miles
501 2009 528 2058 in
551 2010 644 2061 inedie
663 2024 730 2075 pace
746 2010 869 2060 decurrit

11 2077 12 2095 l
69 2079 121 2130 sine
133 2076 301 2138 uilohostc,
321 2075 423 2127 vellum
441 2077 521 2139 iecit,
542 2086 569 2128 et
585 2093 757 2143 superuacuo
775 2079 870 2127 labore

68 2148 200 2211 lassetur,
222 2153 254 2196 ut
276 2145 402 2198 sufficere
422 2147 580 2198 necessario
603 2146 699 2213 possit.
737 2146 824 2205 Quem
841 2147 868 2195 in

68 2218 125 2283 ipsa
136 2234 168 2269 re
185 2215 331 2282 trepidare
348 2217 486 2277 nolueris,
509 2224 573 2266 ente
588 2231 645 2267 rem
662 2230 771 2266 exerce.
808 2216 871 2264 Huc

69 2289 151 2339 secuti
165 2293 243 2348 sunt,
255 2289 301 2351 qui
315 2285 442 2335 omnibus
454 2286 594 2336 mensibus
607 2290 797 2352 paupertatem
812 2286 871 2334 inii·

71 2358 225 2424 titi,prope
237 2355 273 2407 ed
285 2356 405 2421 inopiam
417 2363 644 2416 accesserunt,ne
656 2370 774 2421 unquam
788 2369 871 2420 expe·

68 2432 223 2485 noscerent,
236 2425 309 2490 quod
321 2440 404 2490 saepe
416 2425 586 2475 didicissent.
623 2424 648 2476 5.
670 2425 731 2476 Non
743 2432 786 2476 est
797 2439 869 2475 niune

69 2495 137 2562 quod
156 2496 303 2547 existimes
321 2509 363 2545 me
381 2493 481 2545 ducere
496 2501 523 2545 te
540 2496 574 2546 erl
593 2496 715 2546 modicas
727 2511 829 2546 coenes
841 2500 869 2543 et

68 2580 219 2633 pauperum
233 2564 332 2625 celles,
343 2570 371 2616 et
383 2563 515 2630 quidquid
529 2565 604 2615 aliud
616 2571 668 2625 est,
680 2578 729 2629 per
741 2563 813 2629 quod
825 2563 867 2612 lu·

67 2637 146 2686 surio
162 2634 329 2685 divitiorum
346 2633 440 2684 taedio
453 2632 533 2683 luclit.
571 2634 712 2685 Grebutus
723 2632 774 2681 ille
787 2645 868 2680 uerus

67 2704 110 2766 sit,
127 2710 157 2755 et
169 2719 281 2770 sagum,
298 2710 327 2755 et
338 2705 416 2769 panis
429 2702 514 2751 durus
526 2718 558 2753 ec
569 2701 708 2751 sordidus.
746 2701 807 2749 lluc
819 2700 868 2747 tri·

11 2798 17 2819 r
67 2772 120 2824 duo
132 2781 161 2825 et
175 2772 328 2840 quatriduo
340 2772 395 2832 ier,
417 2771 555 2822 interdum
568 2771 694 2837 pluribus
706 2767 817 2818 diebus:
839 2772 870 2816 ut

66 2857 118 2892 sum
132 2841 213 2893 lusus
224 2842 271 2902 sit,
282 2841 331 2893 sed
345 2841 574 2906 experimentum.
608 2836 766 2894 Tunc,milii
780 2836 871 2894 crede,

67 2909 165 2971 Lucili,
188 2910 354 2970 exsultabis,
374 2908 516 2975 dupondio
529 2916 619 2969 satur,
641 2914 669 2958 et
682 2905 824 2972 intelliges
836 2905 871 2956 ud

66 2981 245 3032 saturitatem
264 2995 317 3029 non
335 2994 403 3045 opus
420 2994 482 3029 esse
499 2979 624 3029 fortuna:
649 2977 702 3027 lsoc
713 2977 785 3026 enim
799 2973 871 3039 quud

65 3049 228 3100 necessitati
237 3055 285 3097 set
296 3055 346 3108 est,
361 3049 444 3101 debet
455 3048 541 3101 etium
556 3050 640 3102 irata.
667 3047 695 3101 o.
705 3045 770 3101 Nun
780 3052 876 3098 csttu·

53 3127 128 3174 men,
149 3129 237 3178 quere
252 3122 283 3164 tu
295 3117 417 3170 multum
436 3121 487 3172 tibi
507 3120 605 3180 fucere
622 3123 771 3181 s'ilesrisz
797 3117 895 3174 lucion
