1942 3360
131 539 167 592 ⁶2
414 533 661 590 SENECAE·

133 664 226 716 turbet
236 665 265 715 et
275 668 378 717 cetero.
396 661 555 726 Quidenim
566 658 924 729 pronosticorum
970 677 971 729 ξ

133 730 236 788 hebere
253 731 361 795 orosio,
379 731 403 783 ei
417 731 456 785 eis
471 731 577 797 impetu
594 730 709 782 nimiasl
731 731 807 793 Quid
819 729 924 798 prodest
970 736 971 745 ¹

134 804 251 869 impetus
261 801 437 868 repressisse,
457 807 486 852 et
495 798 596 856 hebere
607 799 774 867 cupiditates
786 802 816 857 ia
825 809 874 854 nne
882 815 922 867 pu

133 879 252 936 testate,
272 873 296 923 ei
311 870 340 923 in
354 871 415 938 ipsa
431 884 522 925 reruni
538 871 648 922 actione
662 876 795 936 tompore
808 871 922 938 ignorem

135 957 185 993 nec
196 941 270 995 ecies
279 940 391 1008 quoodo
403 939 537 1007 quidque,
548 946 577 991 et
587 940 648 1000 ubi,
659 946 688 992 et
698 939 921 1005 quemadmodum

137 1013 182 1079 egi
194 1009 311 1065 debenti
337 1009 622 1070 inclimentum,
635 1008 789 1075 dignitates
798 1015 828 1062 et
838 1011 924 1074 pretio

135 1093 326 1133 rerumnosser
338 1077 565 1130 oliodsrtiouioa:
574 1075 649 1129 eliud
661 1081 781 1145 impetus
791 1077 925 1131 refraen-

134 1165 173 1212 re,
183 1157 211 1200 ot
222 1148 257 1200 od
267 1148 376 1215 agenda
385 1149 435 1208 ire,
448 1162 503 1198 ooo
515 1161 604 1199 ruere.
639 1147 719 1203 Tunc
728 1163 796 1215 erge
806 1147 866 1198 rita
875 1147 925 1199 sibi

136 1233 250 1269 concors
268 1223 324 1278 est,
345 1216 480 1268 obiectio
492 1231 546 1267 non
559 1215 686 1271 destituit
698 1218 841 1283 impetum.
877 1217 926 1269 lm-

135 1295 214 1354 pctus
224 1301 259 1337 ea
270 1285 405 1352 dignitate
420 1285 462 1336 rei
478 1285 608 1351 omneque
623 1287 793 1353 concipitur,
812 1285 924 1352 perinde

134 1354 410 1416 remissionemve,
421 1362 502 1419 prout
512 1354 562 1406 illo
572 1353 655 1420 digno
666 1361 709 1407 eet
720 1356 789 1421 peti.
827 1353 868 1408 15.
878 1354 925 1407 Ne·

133 1424 233 1477 turaiis
245 1438 308 1490 para
319 1421 510 1490 philosophiae
521 1424 549 1479 in
561 1422 616 1475 duo
631 1424 778 1479 scinditur:
801 1437 925 1490 corpora·

133 1494 185 1556 lie,
204 1501 233 1547 et
254 1494 449 1560 incorporalia.
484 1493 606 1558 Utraque
627 1492 788 1545 dividuntur
807 1495 837 1545 in
854 1508 924 1553 euos,

134 1572 165 1615 ut
181 1565 221 1615 ito
237 1562 340 1627 dicam,
362 1563 475 1632 gradus.
512 1562 663 1627 Corporum
679 1562 759 1614 iocus
770 1563 799 1613 in
811 1562 862 1613 hos
872 1562 922 1631 pri·

135 1649 219 1695 mum,
238 1633 265 1683 in
277 1649 311 1685 so
321 1649 391 1700 quoe
404 1632 523 1692 faciunt,
545 1638 573 1683 et
584 1646 654 1697 quae
666 1646 699 1683 ex
711 1629 755 1683 irie
764 1633 923 1700 gignuntur:

134 1703 286 1770 gignuntur
296 1710 388 1753 eutem
400 1704 546 1754 clemente.
582 1701 923 1767 ipseelemeotilocoe,ut

133 1771 243 1838 quidem
255 1778 361 1835 putent,
369 1770 486 1837 simplex
498 1777 558 1821 est:
570 1777 601 1820 ut
613 1771 768 1837 quidam,io
774 1772 923 1830 materiem

133 1847 161 1891 et
175 1853 285 1890 causam
299 1841 392 1891 omnia
403 1846 576 1902 moventem,
595 1847 623 1890 et
637 1841 776 1893 elementa
786 1841 923 1894 dividitur.

133 1907 180 1977 lo„
194 1907 323 1973 Superest
338 1917 370 1960 ut
384 1908 545 1961 rationalem
559 1916 664 1975 partem
677 1909 873 1978 philosophiae
883 1911 920 1963 di·

132 1976 267 2031 videmus.
303 1978 398 2030 Omnis
410 1979 501 2031 oratio
512 1985 562 2029 aut
572 1982 705 2031 continue
717 1988 769 2043 est,
793 1987 842 2032 eut
852 1981 921 2034 inter

132 2046 341 2116 respondentem
361 2056 390 2102 et
406 2049 624 2115 interrogantem
643 2048 741 2104 divisa.
778 2048 919 2103 Hancine-

132 2116 254 2181 ieetouir,
263 2118 339 2171 illem
352 2115 489 2185 ῥητορικήν
499 2117 603 2183 placuit
613 2123 715 2172 vocari.
751 2118 918 2173 lieeereris

133 2192 221 2248 curat,
243 2194 272 2239 et
292 2202 401 2248 sensus,
423 2193 452 2238 et
471 2186 605 2239 ordinem.
640 2187 796 2252 Διαλεκτικὴ
811 2190 839 2240 iu
856 2188 919 2239 duas

132 2260 224 2321 partes
241 2256 390 2319 dividitur,
410 2256 438 2307 in
450 2255 813 2323 rerbaeteigniflcetiooes:
833 2257 919 2313 idest,

132 2322 162 2372 in
178 2338 221 2373 res
237 2340 307 2390 quae
323 2325 465 2387 dicuntur,
485 2333 514 2378 et
529 2324 663 2379 vocabule
678 2327 778 2393 quinus
789 2327 918 2382 dimumr.

132 2392 230 2456 ingene
253 2393 351 2445 deinde
372 2395 497 2459 sequitur
518 2395 659 2462 utriusque
683 2396 798 2455 diripio.
830 2398 919 2465 ltaque

131 2456 257 2514 hocloco
268 2463 347 2515 linem
362 2461 475 2515 seciam:

194 2557 236 2568 -
246 2541 273 2584 et
283 2548 384 2583 summo
394 2548 491 2597 sepnor
497 2532 621 2603 fastigia
630 2548 731 2589 rerem.

132 2599 243 2666 Alioqui
254 2601 279 2652 si
291 2601 405 2653 voluero
416 2600 510 2653 iacere
527 2603 645 2668 portium
663 2609 773 2669 portes,
793 2603 919 2673 quaeue

132 2683 197 2721 num
211 2671 281 2724 iiber
292 2673 349 2723 liet.
372 2671 410 2724 17.
423 2672 508 2732 Haec,
519 2672 609 2724 Lucili
621 2674 743 2724 virorum
756 2676 918 2741 optimeque

132 2740 222 2794 minue
233 2741 311 2809 leges
323 2756 377 2793 non
389 2740 529 2793 deterreo:
547 2741 694 2794 dummodo
706 2744 841 2811 quidquid
852 2743 919 2810 lege·

131 2810 185 2870 rie,
205 2810 240 2861 ud
252 2825 341 2863 mores
350 2811 443 2865 stetim
455 2809 568 2863 relerne.
604 2811 670 2863 illos
682 2827 836 2882 comperce,
854 2825 918 2865 mar·

132 2880 224 2932 centia
234 2881 264 2932 in
279 2890 307 2933 tc
323 2882 428 2942 excita,
448 2881 542 2933 roiutt
557 2884 728 2950 constringe,
749 2882 919 2936 commmatio

131 2946 220 3014 doma,
236 2950 402 3016 cupiditates
413 2959 475 3003 tote
488 2950 676 3018 publicaeque,
691 2961 825 3018 quantum
836 2959 919 3021 potu,

128 3032 212 3075 rem:
233 3028 262 3073 et
273 3021 336 3075 istie
346 3019 507 3077 dicentihur,
518 3019 667 3086 Quousque
676 3022 794 3076 eedem!
813 3037 920 3091 reapon-

121 3089 172 3145 de:
185 3094 275 3166 „Ego
288 3092 379 3150 debeo
389 3090 918 3160 dicerediuouauneeadempeccebitist
