1964 3434
259 511 547 576 EPlS'l'OLARI
577 516 621 571 9³.
799 520 833 574 sl

41 633 90 687 dit.
127 627 835 700 Nseideomimpraesannmscesdemrsmssve

38 705 104 756 rim:
120 700 192 761 nihil
204 710 295 755 tamen
307 703 343 755 ad
354 704 462 758 beatam
473 706 688 765 vilamdeiuisse
702 711 799 770 dicam,
809 711 834 760 oi

39 773 161 840 spatium
178 773 237 823 eius
251 773 393 836 inciditur.
429 774 490 827 Nou
504 777 576 828 enim
586 775 621 826 ad
633 792 694 828 eum
705 778 777 830 diem
789 795 833 831 me

39 842 150 911 aptavi,
171 857 252 909 quem
268 843 394 901 ultimum
410 841 477 896 mihi
493 859 556 911 spes
565 846 646 897 avida
657 850 833 910 promiserat:

39 913 88 963 sed
100 911 209 970 nullum
221 926 277 962 nou
289 919 417 979 tauquam
430 914 556 966 ultimum
567 915 694 981 adspexi.
720 916 745 966 (l.
762 916 833 976 Quid

40 998 84 1032 me
95 981 264 1046 interrogas,
280 982 482 1049 quandonatus
493 983 562 1044 siml
582 985 703 1036 an'inter
711 984 833 1041 iuniores

38 1050 129 1103 adbuc
144 1050 282 1110 ¹ceusoarl
308 1050 395 1103 babeo
413 1069 512 1106 meum.
533 1052 784 1114 Quemadmodum
806 1055 834 1103 in

39 1122 148 1171 minore
164 1121 290 1185 corporis
305 1119 401 1172 babitu
413 1131 507 1190 potest
517 1123 599 1175 honio
610 1139 671 1176 esse
683 1123 833 1189 perlectus:

38 1195 79 1242 sie
89 1198 119 1242 et
131 1190 162 1240 in
173 1192 278 1241 minore
291 1193 424 1258 temporis
435 1191 518 1247 raudo
530 1200 621 1261 potest
631 1208 691 1245 asse
701 1193 760 1244 vita
770 1207 832 1259 per·

38 1260 124 1313 lecta.
162 1261 246 1311 Aetas
256 1260 329 1312 inter
339 1268 453 1314 externa
464 1268 515 1315 est.
529 1314 532 1320 Α
547 1263 684 1326 Quamdiu
695 1261 834 1325 sim‚.alio·

37 1346 103 1380 nun
117 1335 177 1380 est:
199 1329 327 1396 quamdiu
337 1330 378 1382 vir
389 1331 475 1382 bonus
486 1331 546 1392 sim,
557 1338 708 1385 areumest.
745 1333 807 1387 Hoc
816 1348 833 1382 a

40 1415 82 1451 me
95 1400 188 1463 exige,
198 1413 232 1449 na
243 1399 317 1450 velut
328 1414 376 1465 per
387 1403 513 1453 tenebras
525 1416 619 1452 aevum
631 1402 751 1469 ignobile
762 1416 834 1459 eme·

41 1471 106 1521 liar:
130 1474 162 1518 ut
172 1483 253 1535 agam
264 1469 427 1531 vitanqnon
440 1481 470 1520 ut
481 1468 681 1535 praetervehar.
718 1471 834 1531 Quaeri:

41 1538 111 1606 quod
125 1537 373 1604 sitamplissimum
386 1543 460 1590 ritae
475 1538 612 1604 spatium!
632 1539 723 1605 Usque
739 1540 774 1590 ad
789 1554 835 1588 sa-

39 1609 172 1675 pientiam
187 1608 289 1660 vivere.
324 1609 349 1658 ⁷.
368 1608 420 1670 Qui
437 1608 473 1660 ad
492 1608 569 1660 illam
584 1610 720 1675 persenit,
739 1608 834 1674 attigit

39 1693 94 1730 aaa
108 1676 302 1744 longissimum
319 1679 413 1739 finem,
433 1677 481 1729 sed
504 1679 676 1734 maximum„
698 1678 748 1728 llle
761 1692 832 1727 ¹vero

38 1746 177 1816 glorietur
187 1746 327 1807 audacior,
340 1755 368 1797 et
378 1748 430 1798 diis
442 1753 508 1815 agat
518 1748 635 1815 gratias:
648 1748 773 1814 interque
785 1761 833 1804 eos

38 1818 89 1869 sibi
106 1823 136 1869 et
150 1829 242 1866 rerum
259 1826 374 1868 naturae
389 1817 520 1885 imputet,
543 1816 615 1884 quod
632 1816 694 1868 luit.
729 1817 832 1869 Merito

40 1891 108 1940 euim
121 1886 283 1952 imputabit:
305 1886 445 1937 meliorem
457 1887 497 1938 illi
509 1885 592 1948 vitam
606 1886 732 1949 reddidit,
751 1901 831 1953 quma

40 1961 196 2023 acceperat.
232 1955 381 2021 Exemplar
390 1956 453 2007 boni
464 1957 516 2007 siri
528 1957 635 2023 posuit:
647 1956 737 2022 qualis
750 1971 833 2022 quan·

39 2034 135 2094 :usque
146 2030 222 2078 esset
234 2025 368 2076 ostendit:
389 2025 412 2076 si
426 2025 490 2093 quid
501 2026 663 2087 adiecisset,
684 2024 781 2076 luisset
798 2025 833 2074 si·

40 2098 99 2149 uile
106 2095 269 2164 praeterito.
281 2097 316 2146 Et
323 2100 413 2145 tamen
421 2108 562 2160 quousque
569 2093 702 2144 vivimusi
712 2094 832 2144 omnium

39 2163 302 2231 rerum'eoguitione
313 2163 389 2215 fruiti
399 2179 502 2215 sumus.
526 2161 692 2214 ⁴li.·-Seimus
708 2162 833 2229 aquibus

38 2233 202 2302 principalis
213 2240 315 2285 uatura
324 2248 355 2286 se
365 2233 494 2294 attollat,
515 2233 744 2298 quemadmodum
762 2230 834 2282 ordi·

38 2318 80 2360 ret
92 2303 238 2365 mundum,
259 2317 308 2369 per
320 2317 385 2370 quas
397 2306 471 2354 vices
482 2317 583 2353 anuum
592 2309 717 2364 revocet„
738 2316 832 2368 quem·

36 2375 187 2430 admodum
209 2374 303 2425 anania
322 2387 391 2439 quae
412 2385 525 2441 usquam
547 2378 641 2434 erant,
663 2373 783 2434 eluserit,
805 2378 835 2422 et

34 2457 217 2569 :attilii
232 2441 834 2579 illidet:„illita'ssllttlttl

32 2603 88 2638 oua
110 2582 266 2636 velocitate
288 2582 441 2635 decurrere.
477 2581 584 2634 Scimus
604 2581 834 2648 quemadmodum

32 2656 123 2708 solem
148 2652 217 2703 luna
238 2658 407 2720 praetereat:
432 2667 517 2717 quare
537 2651 645 2704 tardior
665 2649 834 2704 velociorem

32 2732 99 2793 past
110 2738 143 2775 se
154 2722 306 2790 relinquat:
327 2721 464 2787 quomodo
477 2721 567 2773 lunien
579 2721 700 2787 accipiat
712 2726 759 2770 aut
772 2733 832 2785 per-

28 2797 95 2847 dat:
119 2806 194 2859 quae
206 2807 291 2844 eausa
300 2791 413 2844 induunt
423 2798 539 2851 noctem,
550 2804 618 2857 quae
629 2788 742 2841 redueat
753 2787 833 2839 diem.

26 2868 52 2917 b.
66 2863 143 2916 illuc
155 2863 273 2915 eundum
286 2868 336 2923 est,
348 2861 394 2912 ubi
406 2861 459 2911 ista
470 2860 584 2926 propius
594 2858 740 2925 adspicies.
759 2857 838 2918 „Neo

31 2937 85 2986 bac
97 2947 159 3000 spe,
171 2933 260 2998 inquit
269 2932 381 2996 sapiens
392 2928 558 2990 ille,fortius
569 2928 836 2997 exeo‚quodpatore

31 3003 102 3055 milri
117 3002 156 3054 ad
173 3002 332 3054 deosmeos
349 3002 403 3052 iter
418 2998 519 3052 iudico.
554 2998 648 3051 Merui
664 2997 837 3065 quidemad·

32 3074 119 3135 mitti,
141 3072 238 3124 etiam
251 3071 324 3122 inter
335 3069 400 3125 illos
410 3069 465 3124 fui:
487 3068 667 3137 animumque
678 3067 732 3121 illo
745 3082 844 3120 meum

64 3143 204 3195 Serrei
227 3137 344 3193 Volrv.
613 3140 638 3196 p
