1942 3360
264 478 549 535 EPISTOLAE.
584 483 626 534 83.
823 484 840 535 1

39 599 142 656 labet.
184 597 326 660 Quomodo
345 600 411 652 illos
432 602 544 654 docebis
561 603 663 654 malum
684 616 739 655 nou
762 602 840 656 esset

39 664 199 733 Quomodo
211 670 353 734 opiniones
365 671 453 722 totius
463 672 539 734 aeri,
559 673 656 737 quibus
667 672 792 739 protinus
802 672 842 722 in·

40 739 138 793 batia
152 739 294 802 imbuitur,
315 739 441 791 eriaoesl
461 740 533 806 quod
553 742 683 791 auxilium
702 740 842 793 inuenies!

40 808 88 862 Ἄ.
104 806 183 872 Quid
203 808 277 859 dices
299 808 482 860 imbecillitati
499 809 649 861 bumanaal
671 810 744 870 Quid
756 811 840 871 dicos,

46 892 101 946 quo
112 877 278 928 inflammati
288 880 315 927 iu
328 878 417 929 madia
429 879 552 947 pericula
564 879 690 930 irruant!
710 880 770 940 Qua
781 896 842 932 ora·

47 948 124 1000 tione
136 946 211 997 bunc
221 947 336 998 timendi
351 962 526 1011 consensum,
547 949 648 1015 quibus
665 948 765 1015 ingenii
776 950 841 999 viri·

47 1016 98 1069 aas
109 1016 238 1067 obnixam
250 1023 385 1068 contrata
398 1019 603 1082 persuasionem
615 1017 727 1069 bumani
736 1018 842 1084 generis

49 1085 178 1138 avertes!
191 1084 282 1137 Verba
288 1085 353 1137 mihi
360 1089 640 1153 captiosacomponis,
647 1096 676 1139 et
688 1088 843 1154 interroga·

50 1154 188 1208 tiuaeulas
208 1157 305 1207 nectis.
341 1157 449 1224 Magnis
465 1157 531 1208 telis
546 1173 645 1225 magns
660 1162 789 1223 portenta
805 1156 843 1207 le·

52 1228 168 1276 riuatur.
201 1224 243 1276 25.
263 1222 423 1290 Serpentem
439 1226 515 1278 illam
527 1228 553 1278 in
565 1227 658 1278 Africa
669 1239 794 1287 saevam,
815 1231 844 1276 et

54 1293 181 1346 Romanis
192 1292 346 1358 legionibus
357 1295 429 1347 bello
440 1298 500 1363 loso
515 1297 719 1356 terribiliorem,
739 1295 844 1346 frustra

54 1364 160 1430 sagittis
179 1361 325 1430 fundisque
346 1367 497 1429 petierunt:
521 1381 555 1417 no
577 1367 634 1431 pilo
657 1365 765 1432 quidem
780 1363 841 1415 vul·

57 1431 184 1484 amabilis
195 1438 264 1493 erat,
275 1447 357 1498 quum
371 1436 465 1500 ingens
477 1434 633 1502 magnitudo
650 1448 699 1499 pro
710 1435 842 1485 vastitate

51 1502 176 1568 vcolumns
186 1501 286 1562 solida,
305 1501 417 1564 ferrum,
432 1510 460 1553 ot
469 1503 600 1568 quidquid
613 1501 746 1553 humanae
757 1513 843 1553 torsa·

56 1579 112 1623 rant
122 1586 228 1631 manus,
246 1571 381 1622 reiiooret
416 1571 569 1623 Molaribus
580 1572 687 1622 demum
698 1569 788 1621 fractu
798 1587 842 1623 sa·

58 1641 93 1691 xis
105 1648 155 1693 est.
199 1643 235 1691 Et
253 1639 383 1691 adversus
398 1648 514 1691 mortem
529 1648 560 1691 tu
575 1647 630 1691 tam
647 1640 753 1691 minuta
767 1641 842 1691 iacu-

57 1707 133 1762 laist
154 1705 260 1760 Subula
271 1709 378 1761 leonem
390 1709 509 1776 excipis!
528 1712 615 1762 Acuta
624 1716 687 1760 suot
698 1710 762 1773 ista,
772 1725 843 1778 quae

58 1778 138 1832 iioisl
174 1778 250 1830 Nihil
261 1787 304 1830 est
319 1782 427 1831 acutius
442 1781 537 1831 arista
574 1780 714 1841 Quaedam
729 1780 843 1832 inutilia

57 1848 240 1903 ttioellioseiu
250 1851 309 1914 ipss
320 1850 461 1901 subtiliter
473 1849 570 1902 reddit.
680 1873 683 1879 .

220 1949 465 2005 bristout
499 1952 675 2005 Lxxxltt.

58 2037 191 2087 risurum,
209 2042 323 2079 securam
333 2037 516 2093 Deoiaspestors
531 2043 553 2080 et
564 2035 662 2079 arbitro.
690 2036 808 2090 Adiungit
816 2039 844 2080 da

78 2107 119 2138 m
138 2100 197 2135 tunc
211 2091 277 2140 uita.
297 2091 468 2148 temperantia,
487 2092 623 2146 vigilantia.
653 2091 741 2134 lterum
759 2097 843 2133 contra

76 2146 843 2260 watbittifalffzlxtltiitl‘liltti‘xs

266 2234 272 2245 .
354 2218 365 2246 θ
433 2218 442 2246 t

76 2261 212 2305 &sumto

99 2331 233 2399 Singulos
244 2331 302 2383 dies
312 2332 361 2382 tibi
373 2336 499 2393 meos,et
509 2329 617 2398 quidem
630 2336 712 2392 totos,
724 2329 844 2382 indicari

47 2402 135 2455 iubes.
151 2402 226 2453 nens
237 2401 271 2453 tlo
283 2417 325 2452 me
337 2400 450 2463 iudicas,
461 2400 485 2451 si
496 2399 563 2453 nihil
575 2416 636 2453 osse
646 2403 674 2451 in
684 2401 743 2452 illis
755 2407 842 2467 putas,

47 2472 120 2541 quod
132 2471 311 2523 abscondam.
346 2469 391 2522 Sic
401 2478 477 2523 certe
486 2470 629 2522 vivendum
640 2478 691 2533 est,
703 2479 843 2537 tamquam

47 2543 75 2595 is
87 2548 240 2608 conspectu
251 2540 387 2592 vivamus:
398 2542 439 2591 sie
449 2541 632 2608 cogitandum,
644 2549 782 2606 tamquam
794 2540 844 2591 ali·

47 2614 107 2680 quis
121 2613 151 2663 iu
171 2617 266 2678 peetus
281 2609 406 2660 intimum
418 2612 551 2676 inspicere
565 2611 660 2675 possit.
692 2610 727 2660 lit
742 2614 843 2673 potest.

46 2681 120 2746 Quid
127 2682 201 2732 enim
213 2677 333 2745 prodest,
345 2679 379 2730 ab
391 2678 500 2731 bomine
506 2679 610 2746 aliquid
620 2693 681 2730 esse
689 2679 842 2728 seoretuml

47 2751 125 2806 Nihil
138 2750 200 2802 Deo
211 2750 316 2800 elusum
326 2756 375 2800 est
398 2749 515 2800 interest
526 2749 624 2799 animis
635 2747 748 2806 nostris,
758 2752 787 2797 et
799 2761 842 2796 eo.

46 2821 232 2891 gitatlonibus
244 2818 340 2870 mediis
352 2819 510 2869 intervenit.
543 2816 596 2876 Sic,
608 2816 763 2875 intervenit,
772 2815 843 2874 dico,

46 2900 190 2959 tamquam
203 2886 350 2953 aliquando
362 2886 492 2938 discedat.
527 2887 552 2936 2
572 2885 681 2936 Faciam
693 2897 759 2949 ergo
771 2885 843 2950 quod

46 2962 136 3023 iubes,
146 2966 176 3012 et
187 2955 255 3026 quid
265 2971 353 3023 agam,
367 2966 396 3007 et
406 2953 571 3021 quoordine‚
582 2954 703 3005 libenter
713 2952 764 3004 tibi
773 2954 842 3005 sori·

45 3031 118 3084 bam.
155 3028 316 3080 Observabo
336 3040 379 3078 me
394 3027 529 3093 protinus:
549 3032 578 3078 et
591 3022 665 3094 quod
676 3022 842 3076 estutilissi-
