1942 3360
269 576 553 630 Bursauone.
590 581 632 632 90.
810 577 845 632 bb

51 699 181 759 baberes,
193 697 266 764 quod
276 697 303 748 in
313 695 486 764 philosophia
495 699 658 764 suspiceres,
665 701 688 750 si
699 701 843 753 beneficia·

52 772 92 821 ria
103 784 149 820 res
160 767 253 819 esseti
262 768 352 817 Huius
363 783 431 833 opus
440 781 522 817 unum
534 773 584 826 est,
595 771 628 819 de
640 769 739 819 divinis
750 769 845 823 boma·

52 843 151 906 aisque
167 852 261 888 reruni
277 837 413 888 invenire:
434 836 469 886 ab
482 836 533 887 bac
544 852 678 902 nonquam
692 840 794 891 recedit
806 844 843 889 iu-

52 910 140 969 stitia,
152 908 252 974 pietas,
262 907 374 973 religio,
386 912 413 957 et
423 907 510 957 omnis
521 907 592 956 aiios
605 908 750 958 comitatus
761 909 845 959 virtu·

53 987 111 1028 turn
124 983 329 1037 consertarum,
350 983 378 1026 st
392 976 465 1027 inter
480 990 510 1027 se
521 973 733 1029 cohaerentium.
770 979 846 1028 Haec

54 1048 149 1098 docuit
161 1045 255 1096 colere
266 1043 494 1106 divinationem
504 1045 631 1112 diligere,
645 1052 674 1097 et
683 1045 845 1111 penesDeos

56 1117 201 1183 imperium
219 1129 293 1173 esse,
313 1123 342 1165 et
356 1115 428 1165 inter
439 1112 560 1165 homines
571 1118 751 1165 consortium:
773 1113 846 1181 quod

56 1184 225 1251 aliquamdiu
238 1184 396 1234 inrioiatum
409 1185 516 1245 mansit,
528 1190 673 1250 antequam
684 1183 846 1235 societatem

56 1256 174 1306 avaritia
184 1253 330 1312 distraxit,
351 1261 380 1303 et
394 1255 564 1320 paupertatis
579 1269 676 1305 caussa
693 1253 776 1305 etiam
794 1252 846 1314 bis,

57 1321 210 1391 quesierit
232 1321 478 1387 iocupletissinros,
504 1321 567 1374 tait.
605 1323 754 1375 Desierunt
774 1326 845 1374 eninr

58 1395 148 1443 omnia
160 1391 311 1458 possidere,
322 1391 384 1441 dom
397 1391 493 1442 solunt
502 1393 623 1459 propria.
660 1392 683 1444 3.
699 1389 752 1443 Sed
765 1392 846 1459 primi

57 1461 230 1522 mortalium,
241 1461 342 1525 quique
352 1475 384 1510 ex
397 1458 439 1510 bis
450 1462 548 1528 geniti,
559 1471 682 1512 natorum
694 1462 846 1528 incorrupti

57 1532 248 1598 coquebantur,
270 1530 383 1580 eandem
395 1528 534 1581 habebant
544 1538 572 1580 et
584 1530 689 1591 ducem,
708 1538 736 1581 et
748 1531 845 1596 legem,

58 1600 196 1651 commissi
209 1599 331 1650 melioris
343 1599 467 1649 arbitrio.
503 1598 626 1651 Naturae
637 1605 680 1650 est
693 1601 780 1658 enim,
800 1614 846 1663 pn-

58 1670 176 1720 tioribus
186 1668 328 1719 deteriora
337 1668 508 1719 submittere.
540 1667 626 1718 Maiis
638 1667 746 1734 quidem
759 1668 847 1733 gregi·

58 1739 105 1790 bus
115 1746 166 1790 aot
177 1737 299 1788 maxima
311 1751 426 1802 corpora
437 1744 630 1803 praesummat
642 1737 847 1788 vehementissi-

56 1823 107 1859 ιιι.
136 1806 199 1858 Non
211 1806 352 1873 praecedit
360 1815 485 1858 armenta
496 1806 615 1873 degener
624 1812 729 1870 murus,
739 1806 786 1858 scd
799 1808 846 1873 qui

59 1875 249 1944 magnitudine
261 1891 294 1926 ac
305 1876 373 1926 toris
384 1883 491 1927 ceteros
502 1891 591 1928 mares
598 1877 675 1927 vicit:
688 1874 847 1943 elephanto·

56 1962 115 1997 rum
128 1959 241 2014 gregem
257 1944 503 1997 excellentissimus
518 1947 605 1996 ducit:
626 1945 847 2007 interminium,

56 2030 104 2081 pro
124 2029 234 2065 summo
256 2021 299 2064 est
320 2015 446 2081 optimus.
480 2015 507 2065 4.
529 2017 626 2065 Animo
647 2017 741 2082 itaque
758 2022 848 2065 rector

55 2085 224 2152 eligebatur,
235 2082 350 2149 ideoque
360 2098 467 2135 summa
478 2083 597 2136 ieiicitas
609 2093 669 2135 erat
680 2085 847 2151 gentium,in

56 2157 156 2222 quibus
169 2167 223 2203 non
234 2160 344 2218 poterat
355 2155 493 2219 potentior
503 2168 573 2213 esse,
586 2153 636 2202 nisi
647 2153 754 2203 melior.
776 2154 848 2202 Tan·

55 2233 113 2275 tum
126 2225 201 2274 enirn
212 2229 340 2288 quantum
353 2222 411 2273 ruit
423 2228 523 2287 potest,
545 2224 590 2288 qui
601 2237 639 2281 sc,
656 2223 706 2271 nisi
719 2220 791 2288 quod
803 2222 848 2272 dc·

56 2293 112 2353 bet,
123 2308 179 2345 non
192 2298 269 2357 putat
281 2307 368 2358 posse.
399 2292 449 2343 iilo
461 2305 527 2374 erqo
537 2292 640 2352 secoio,
652 2290 723 2357 quod
735 2304 847 2341 aiii-eum

56 2361 214 2430 perbibent,
223 2374 304 2425 penes
314 2361 451 2427 sapientes
463 2359 549 2413 tuisse
560 2375 672 2428 regnum
683 2359 847 2411 Posidonius

55 2431 171 2484 iudirat.
207 2430 247 2480 iii
257 2431 435 2482 continebant
446 2445 554 2491 manus,
565 2440 592 2482 et
603 2431 767 2482 infirmiores
778 2446 794 2479 a
806 2444 848 2479 ra-

55 2501 208 2553 lidioribus
225 2499 385 2550 tuebantur:
405 2499 570 2561 suadebant,
592 2500 848 2568 dissuadebantque,

55 2578 83 2622 et
92 2570 177 2621 utiiia
187 2574 268 2635 atque
279 2569 386 2619 inutilia
397 2570 592 2621 monstrabant.
615 2571 720 2622 Horum
733 2569 849 2635 pruden-

56 2641 105 2701 tia,
117 2639 228 2705 nequid
241 2636 348 2688 deesset
359 2639 426 2699 suis,
437 2639 611 2704 providebam
626 2638 762 2690 fortitudo
775 2653 849 2687 arce·

56 2711 102 2762 bat
115 2707 257 2776 pericuia;
267 2708 447 2758 beneficentia
457 2712 576 2777 augebat
587 2707 850 2773 ornabatqoeeubie·

57 2788 127 2831 ctos.
155 2776 182 2829 5.
193 2776 318 2828 Officium
330 2785 391 2829 erut
401 2778 544 2844 imperare,
557 2793 608 2828 non
620 2791 741 2843 regnum.
763 2776 850 2826 Nemo

58 2856 191 2916 qnantum
205 2851 300 2913 posset
311 2845 441 2897 adsersus
453 2862 501 2898 eos
512 2849 714 2913 experiebatur,
723 2858 772 2911 per
782 2859 850 2910 quos

61 2923 192 2983 coeperat
213 2930 303 2981 posse.
340 2914 397 2966 Nec
417 2922 477 2966 erat
492 2918 616 2982 cuiquam
634 2923 683 2965 eut
701 2915 807 2964 animos
821 2915 849 2963 in

59 2988 200 3048 iniuriam,
211 2992 260 3035 aot
270 2997 380 3034 caussa:
392 2998 471 3049 quom
483 2986 553 3036 bene
565 2986 710 3050 imperanti
723 2984 792 3035 bene
804 2997 850 3049 pn-

58 3064 176 3116 reretur‚
198 3051 324 3118 nibiique
336 3068 383 3104 rer
396 3054 484 3103 maios
496 3055 592 3104 minari
607 3054 678 3105 maie
690 3053 850 3119 parentibus

59 3135 160 3196 posset,
172 3138 254 3192 quam
266 3129 298 3172 ut
309 3123 399 3175 abiret
410 3140 425 3176 e
437 3138 532 3194 regno.
560 3122 615 3178 Sed
626 3131 861 3194 postquam,aar·
