1942 3360
265 500 553 555 amatoria.
589 504 632 556 88.
813 507 846 558 tr

50 629 144 683 multa
160 641 331 694 supervacua
346 626 468 694 legisset.
505 628 534 678 ln
549 625 593 678 bis
607 628 687 682 libris
702 622 738 682 de
752 630 848 698 patrio

51 700 172 751 llomeri
188 700 344 763 quaeritur,
365 697 392 746 in
408 694 450 747 bis
461 697 612 749 dedoneae
623 709 710 752 matre
721 715 798 752 vera:
817 700 846 752 in

50 769 108 832 bis,
130 767 308 819 libidinosior
318 767 474 827 Anacreon,
493 782 528 818 an
540 766 674 819 ebriosior
685 770 796 821 riserit:
817 772 847 822 iu

50 836 105 900 bis,
117 832 270 903 anSappbo
282 834 392 901 publica
402 834 500 888 fuerit:
513 836 616 899 etalio,
627 852 696 904 quae
708 847 787 890 eraut
798 838 845 891 dc·

51 905 194 966 discenda,
205 905 228 956 si
239 905 331 956 scires.
361 902 402 958 3³.
419 904 431 955 l
443 920 523 967 nunc,
535 912 562 957 et
573 905 683 973 longam
695 921 755 959 csse
766 908 849 959 vitam

55 978 140 1045 nega!
174 972 230 1026 Sed
257 972 293 1025 ad
319 982 431 1024 nostros
452 987 560 1042 quoque
581 990 662 1041 quum
683 978 851 1042 perveneris,

55 1045 203 1099 ostendam
223 1042 311 1094 multa
325 1043 468 1094 securibus
484 1044 639 1096 recidenda
675 1043 780 1111 Magno
801 1046 852 1096 im·

56 1114 156 1182 pendio
173 1127 342 1178 temporum,
366 1127 466 1181 magna
481 1114 633 1165 alienarum
645 1115 753 1165 aurium
765 1116 850 1166 mole·

55 1186 110 1236 stia
131 1183 256 1235 laudatio
272 1179 340 1232 baec
354 1189 475 1234 constatt
497 1185 521 1235 0
538 1181 676 1235 bominem
692 1183 850 1236 literatum!
875 1240 882 1245 „

55 1255 149 1306 Simus
167 1251 219 1302 boc
233 1251 315 1301 titulo
333 1252 479 1304 rusticiore
495 1253 632 1305 contenti:
653 1253 781 1305 ostrum
802 1254 851 1305 bo·

55 1323 130 1374 num!
153 1322 230 1373 itane
245 1320 304 1371 est!
325 1321 437 1373 annales
449 1322 573 1373 evolvam
584 1324 705 1374 omnium
717 1325 851 1391 gentium,

56 1402 82 1444 ct
94 1393 158 1459 quis
170 1390 273 1458 primus
287 1393 407 1441 carmina
423 1391 579 1457 scripserit,
599 1393 745 1458 quaeram!
767 1409 838 1460 quan

54 1472 111 1514 tum
132 1459 267 1526 temporis
287 1459 360 1510 inter
380 1457 490 1526 Orpbea
511 1462 621 1512 intersit
643 1469 671 1514 et
688 1463 849 1524 Homerum,

54 1547 137 1598 quum
151 1531 239 1581 fastos
250 1546 303 1580 non
315 1528 440 1591 babeam,
449 1529 640 1596 'computabol
658 1537 686 1581 et
697 1532 849 1583 Aristarchi

55 1608 151 1662 notas,
172 1599 273 1668 quibus
291 1599 380 1650 aliena
398 1601 518 1649 carmina
529 1603 701 1666 compunxit,
720 1614 849 1668 recogno-

55 1669 150 1722 scam!
162 1676 190 1722 et
202 1675 322 1721 aetatem
334 1668 362 1718 in
375 1667 491 1735 syllabis
502 1669 661 1721 conteram!
673 1669 714 1721 3⁴.
725 1670 810 1730 ltane,
822 1671 850 1721 in

53 1741 227 1808 geometriae
239 1737 352 1804 pulvera
363 1735 499 1789 bacrebol
510 1740 584 1791 Adeo
597 1739 664 1791 mibi
676 1749 850 1806 praeceptum

55 1811 124 1862 illud
136 1808 259 1860 salutare
271 1807 391 1858 excidit:
403 1807 534 1873 Tempori
547 1810 645 1877 parcet
660 1809 738 1862 llaec
749 1810 851 1862 sciam!

53 1879 163 1947 etquid
177 1876 320 1943 ignorem!
341 1878 446 1944 ¹lppion
462 1881 673 1946 granimatlcus,
694 1881 740 1949 qai
758 1880 851 1932 subc.

54 1952 175 2002 Caesare
191 1954 254 1997 tota
268 1946 445 1997 circumlatus
460 1954 502 1998 est
513 1948 642 2012 Graecia,
664 1956 692 2001 et
706 1952 734 2000 in
752 1964 849 2000 nomen

56 2019 175 2071 llomeri
190 2017 224 2068 ab
239 2016 366 2067 omnibus
381 2016 540 2067 civitatibus
560 2019 724 2084 adoptatus,
747 2020 852 2071 aicbat:

57 2090 213 2140 Homerum
226 2092 342 2152 utraque
354 2085 470 2137 materia
482 2093 680 2149 consummata,
691 2087 855 2154 etodyssea

56 2154 363 2222 et.lliade‚principium
377 2154 511 2207 adiecisse
524 2156 672 2222 operiam,
684 2169 738 2224 quo
749 2156 852 2208 bellum

56 2227 214 2280 Troianum
226 2224 385 2293 complexus
402 2233 453 2274 eet.
489 2222 531 2277 35.
551 2224 640 2276 liuius
656 2227 695 2279 rei
712 2241 854 2294 argumen-

56 2309 116 2350 tum
134 2294 284 2356 afferebat,
304 2293 375 2361 quod
388 2293 457 2345 duas
469 2293 565 2345 literae
576 2297 602 2346 lu
615 2297 703 2362 primo
715 2310 795 2348 versu
806 2311 853 2364 po·

55 2368 162 2418 suisset
174 2381 208 2417 ex
219 2363 503 2425 industrialibrorum
516 2379 626 2417 suorum
638 2382 780 2420 numerum
792 2381 854 2418 cnu-

56 2439 190 2489 tinentes.
226 2433 307 2486 Talia
319 2434 391 2485 sciat
401 2441 524 2501 oportet,
545 2437 590 2502 qui
608 2437 694 2489 multa
705 2437 852 2489 vultscirc.

55 2508 121 2559 Non
133 2506 176 2556 vis
188 2504 323 2573 cogitare,
330 2510 459 2572 quantum
470 2507 602 2571 temporis
614 2508 664 2559 tibi
675 2506 786 2559 auferat
797 2521 852 2558 ma·

57 2577 87 2628 la
104 2573 256 2635 valetudo,
277 2580 408 2639 quantum
421 2576 566 2640 occupatio
578 2577 699 2643 publica,
720 2582 853 2645 quantum

57 2647 209 2712 occupatio
226 2644 347 2709 privata,
369 2651 498 2709 quantuni
516 2646 661 2712 occupatio
682 2645 853 2713 quotidiana,

55 2722 189 2782 quantum
201 2728 320 2764 somnus.
355 2713 456 2765 Metire
467 2718 584 2765 aetatem
596 2722 685 2766 tuam:
699 2723 754 2767 tam
765 2713 854 2765 multa

59 2801 114 2836 non
127 2784 212 2850 capit.
250 2781 292 2833 ati.
305 2781 347 2833 De
359 2782 520 2834 liberalibus
530 2783 629 2834 stodiis
641 2784 754 2850 loquor!
765 2783 852 2850 pbilo·

57 2854 138 2922 sopbi
151 2858 284 2921 quantum
296 2850 397 2904 babent
407 2851 581 2918 supervacui!
604 2861 735 2919 quantum
752 2855 787 2906 ab
802 2868 852 2905 usu

57 2923 233 2978 recedentis!
245 2922 299 2987 lpsi
312 2937 420 2991 quoque
431 2921 465 2973 ad
476 2921 644 2988 syllabarum
652 2923 852 2985 distinctiones,

55 3001 85 3048 et
108 2992 333 3047 coniunctionum
353 3007 386 3044 ac
407 2991 641 3058 praepositionum
669 2994 853 3063 proprietates

54 3063 271 3122 descenderunt,
278 3071 304 3115 et
316 3061 439 3116 inridere
450 3063 863 3133 grammaticlsdnnidereeen-
