1838 3456
201 611 490 667 errsrounn.
527 615 569 668 ra.
738 612 785 664 rar

37 758 49 794 r,
61 746 136 799 quae
148 740 285 796 crescunt,
298 732 361 784 dum
374 735 533 801 implentur,
544 735 677 788 exsatiet.
707 734 787 795 Quis·

37 820 39 850 l
50 810 146 854 autem
159 801 193 854 da
204 803 365 871 accipiendo
375 809 491 871 cogitat,
502 805 608 858 oblitus
619 804 724 868 accepti
736 808 788 853 est.

37 871 141 923 tullum
155 869 238 924 habet
250 873 352 924 malum
365 875 503 941 cupiditas
514 876 701 940 maius,quam
715 872 789 939 quod

37 951 92 993 ’ata
103 934 164 993 est?
192 942 217 993 3.
237 942 333 994 Adiice
345 958 430 1006 nunc,
449 943 524 1010 quod
535 958 616 996 nemo
628 956 724 994 eorum
738 942 786 1008 qui

37 1011 164 1078 epublica
174 1019 329 1074 versantur,
340 1027 410 1080 quos
422 1012 579 1075 vincet,sed
590 1027 606 1062 a
618 1012 718 1078 quibus
729 1012 787 1061 vin-

37 1095 70 1141 rr,
82 1081 215 1148 adspicit:
238 1090 266 1132 et
277 1081 336 1132 iilis
347 1097 400 1134 non
414 1090 470 1134 tam
485 1083 637 1133 iucundum
649 1087 704 1142 est,
716 1081 785 1129 mul·

40 1159 102 1269 post
111 1167 141 1202 se
150 1150 342 1218 videre,qusm
355 1167 449 1219 grave,
460 1153 580 1219 aliquem
593 1158 659 1203 ante
670 1165 708 1201 se.
729 1149 786 1199 Ha·
821 1168 823 1170 ·

66 1235 98 1272 oc
112 1221 211 1272 titium
229 1223 319 1272 omnis
339 1222 469 1273 ambitio:
492 1237 546 1273 non
567 1221 691 1287 respicit.
728 1219 786 1270 Nec

37 1288 98 1341 bitio
108 1298 218 1343 tsntum
227 1290 365 1343 instabilis
372 1299 524 1354 cst,rerum
535 1291 674 1359 cupiditas
683 1292 786 1341 omnis:

37 1360 156 1427 sincipit
168 1375 305 1427 sempera
315 1361 378 1413 dne.
414 1366 439 1413 4.
455 1366 491 1415 st
501 1362 553 1413 ilie
564 1363 742 1415 virsinceros
755 1375 789 1410 ac

37 1441 80 1491 us,
100 1434 144 1497 qui
157 1431 272 1498 reliquit
289 1438 318 1481 et
335 1431 440 1483 curiam
458 1439 487 1484 et
503 1432 609 1494 iorum,
633 1438 662 1483 et
677 1444 786 1481 omnem

37 1499 252 1552 uiuistrstionem
265 1501 449 1567 reipublicae,
471 1509 503 1552 ut
514 1502 550 1553 ad
561 1502 699 1568 ampliora
709 1512 786 1550 sece-

37 1574 75 1629 *et,
95 1569 188 1636 diligit
206 1585 255 1621 eos
275 1585 325 1638 per
340 1586 410 1636 quos
424 1569 478 1622 boc
494 1572 518 1622 ei
532 1571 625 1623 iacere
635 1576 699 1621 tutu
711 1568 789 1629 iicet,

37 1650 110 1705 usque
120 1641 181 1692 illis
191 1640 346 1708 gratuitum
357 1641 550 1692 testimonium
562 1638 669 1700 reddit,
693 1645 721 1691 et
732 1653 789 1689 ms-

37 1722 63 1758 tnr
74 1723 130 1762 rem
142 1710 329 1762 nescientibus
343 1710 435 1762 debet.
459 1709 697 1773 Quemadmodum
711 1722 789 1774 prae-

37 1783 108 1832 tores
120 1795 187 1831 suos
199 1787 350 1832 veneratur
361 1795 394 1831 sc
405 1781 537 1849 suspicit,
559 1794 673 1848 quoram
686 1778 789 1830 benefi-

40 1847 92 1900 iliis
106 1849 191 1900 inviis
208 1849 291 1902 exiit:
314 1850 355 1902 sic
373 1849 474 1915 ethis,
496 1853 546 1904 sub
564 1866 681 1919 quorum
698 1849 788 1900 tutela

37 1920 86 1970 itus
96 1927 211 1972 exercet
222 1927 297 1971 ertes
307 1918 403 1972 bonas.
439 1920 464 1973 6.
476 1923 580 1974 Verum
594 1921 666 1973 aiios
679 1933 789 1986 quoque

41 1991 145 2042 viribus
159 1990 219 2040 suis
229 1992 361 2058 protegit.
398 1990 467 2053 Quis
479 1992 579 2061 negati
591 1989 644 2042 Sed
658 1988 789 2056 quemad·

37 2057 90 2110 ium
102 2060 235 2127 Neptuno
247 2059 308 2126 pius
320 2059 421 2112 debere
440 2076 470 2113 se
485 2062 607 2122 iudicat,
630 2074 662 2110 ex
680 2058 724 2108 bis
739 2059 788 2124 qui

37 2144 73 2181 trn
88 2128 299 2197 tranquillitate
314 2131 358 2181 usi
376 2137 456 2193 sunt,
478 2130 526 2197 qui
543 2129 625 2195 plura
642 2134 671 2180 et
688 2129 788 2194 pretio·

38 2215 53 2252 a
74 2200 126 2251 illo
147 2200 220 2251 mari
240 2200 330 2252 vexit:
364 2208 391 2251 et
413 2199 566 2250 animosius
587 2212 603 2248 a
624 2202 789 2258 mercatore,

37 2284 57 2320 m
71 2286 87 2320 n
99 2277 216 2322 rectore
228 2268 348 2321 solvitur
356 2275 467 2334 vatum3
484 2278 513 2320 et
524 2282 558 2321 sa
570 2268 640 2336 ipsis
652 2274 788 2318 mercato·

37 2356 53 2391 n
64 2338 183 2392 effusius
195 2345 293 2407 gratus
305 2346 362 2402 est,
382 2342 429 2406 qui
447 2338 548 2392 odores
565 2354 600 2391 sc
611 2352 747 2406 purpuras
760 2344 787 2387 et

37 2424 45 2461 r
60 2409 209 2478 pensanda
220 2410 452 2476 portabat,quam
460 2411 505 2478 qui
517 2409 652 2461 vilissima
663 2422 787 2474 quaeque

37 2480 153 2531 aburrae
166 2480 230 2531 loco
241 2478 337 2533 futura
349 2486 543 2549 congesserat:
559 2480 602 2532 sic
613 2479 695 2532 buius
708 2478 787 2544 pacis

37 2551 144 2603 elicium
160 2550 194 2602 ad
208 2563 306 2602 omnes
318 2552 496 2617 pertinentis,
517 2551 604 2604 altius
616 2549 650 2601 ad
663 2564 712 2600 eos
722 2563 785 2614 per-

37 2621 120 2688 t,qui
132 2618 185 2671 illa
196 2621 266 2671 bene
277 2627 399 2672 utuntur.
436 2621 521 2674 Multi
534 2623 606 2672 enim
619 2625 685 2670 sunt
696 2632 730 2668 er
743 2616 787 2668 bis
849 2658 850 2661 ,

37 2692 94 2752 otis,
107 2688 209 2758 qulbus
221 2705 274 2745 aas
288 2691 435 2759 operosior
444 2691 520 2744 bello
532 2703 581 2742 est.
616 2689 642 2741 d.
662 2688 701 2738 An
713 2685 786 2736 idem

37 2761 123 2811 times
140 2774 192 2826 pro
208 2774 276 2826 pecc
293 2759 395 2814 debere
410 2776 472 2823 eos,
495 2763 540 2827 qui
561 2760 638 2812 illam
655 2756 786 2807 ebrietati

37 2829 151 2883 libidini
162 2829 334 2896 impendunt,
345 2838 394 2882 sut
406 2830 470 2882 aliis
482 2831 644 2895 vitiisque
655 2825 698 2877 vei
710 2823 786 2875 bello

37 2900 130 2968 penda
146 2898 228 2951 suatl
249 2901 303 2951 nisi
317 2900 393 2952 forts
410 2908 467 2952 tam
485 2901 612 2965 iniquum
630 2901 711 2963 putas
724 2909 785 2947 esse

37 2979 148 3033 entem,
169 2974 201 3020 ut
216 2967 285 3020 nibil
302 2969 406 3019 viritim
417 2984 448 3018 sc
460 2968 561 3020 debere
572 2981 623 3033 pro
636 2965 786 3017 communi·

37 3040 122 3092 bonis
139 3037 257 3091 iudicet.
294 3037 356 3091 Soli
371 3037 508 3106 lunaeque
519 3037 671 3106 plurimum
684 3034 788 3087 debeat

37 3125 64 3159 m
76 3109 128 3159 uni
136 3106 210 3159 mibi
219 3109 362 3164 oriuntur.
399 3111 494 3179 Anno,
509 3112 748 3184 temperantique
755 3121 806 3160 aa·

37 3176 110 3236 Deo,
119 3176 258 3241 prirutim
273 3182 432 3258 obligatus
446 3195 529 3245 iurat
552 3176 829 3261 quamuissialu'm
