1942 3360
260 574 279 626 2
548 569 771 624 SENECAE

259 693 287 744 in
297 690 427 744 odoribus
438 689 518 753 iacet,
538 697 662 742 mortuus
676 677 732 753 est,'
738 705 818 758 quam
829 691 871 757 qui
881 705 930 757 rap

259 777 300 815 ca.
336 760 362 813 3.
383 761 475 813 Otium
488 763 549 813 sine
565 761 654 812 literis
666 776 740 811 mors
757 768 810 821 est,
830 760 929 811 etham

259 830 412 898 sepultura.
453 830 526 894 Quid
547 829 663 896 denique
682 831 795 896 prodest
816 831 930 882 secessio

260 916 340 970 quam
353 917 407 953 non
420 900 595 952 transmaria
605 914 657 950 nos
667 899 874 950 solicitudinum
881 915 930 952 cau

259 970 426 1039 sequantur!
437 973 514 1035 Quae
525 969 632 1020 latebra
643 975 694 1030 est,
703 969 732 1018 in
746 984 825 1035 quam
839 985 892 1020 nun
902 971 930 1020 iu

259 1048 305 1094 tua
320 1039 434 1094 martial
465 1039 541 1100 Quae
557 1046 612 1089 tam
625 1038 730 1088 nsunita
740 1049 769 1090 et
781 1041 808 1089 in
820 1040 930 1090 altums

259 1114 333 1163 vitae
345 1114 430 1177 quies,
453 1123 533 1174 quam
544 1125 598 1159 nou
609 1107 688 1158 dolor
699 1108 826 1160 territett
846 1111 930 1173 Quom

260 1180 408 1241 abdideris,
428 1177 630 1230 malabumaua
644 1177 881 1244 circumstrepent.
916 1178 930 1230 l

260 1255 419 1309 extrusum,
431 1262 501 1316 quae
512 1248 680 1299 circumeunt
692 1263 752 1308 noa,
763 1263 817 1314 quo
830 1254 878 1299 aut
889 1247 930 1298 lal

259 1328 385 1386 urgeant:
397 1317 578 1380 multaretur,
608 1331 658 1367 uae
664 1318 748 1367 etiam
760 1319 787 1368 in
801 1317 894 1370 media
903 1332 930 1369 so

258 1393 429 1440 exaestuant.
465 1332 644 1453 Philosopiiia
660 1386 857 1438 circumdanda
869 1394 921 1449 est,

258 1457 375 1527 gnabilis
387 1471 489 1519 murus,
504 1472 582 1524 quem
596 1455 707 1508 lortuua
718 1456 813 1506 multia
826 1456 930 1508 machis

258 1529 339 1579 situm
350 1542 404 1578 uon
414 1523 523 1578 transit.
559 1526 587 1576 ln
600 1526 781 1591 insuperabili
795 1526 859 1578 loco
870 1532 929 1578 stat

259 1601 304 1664 qui
317 1604 431 1650 externa
443 1597 579 1657 deseruit,
600 1603 629 1647 et
645 1610 708 1647 arce
723 1610 753 1647 se
764 1610 815 1646 sua
824 1595 930 1648 vindica

259 1667 339 1719 illum
361 1681 441 1718 omne
462 1666 544 1718 telum
562 1665 645 1715 cadit.
682 1664 744 1716 Nou
760 1664 854 1727 babet,
874 1677 930 1733 utp

258 1736 477 1802 fortunalongas
489 1750 599 1786 manus:
620 1734 756 1786 neminem
772 1743 905 1800 occupat,
926 1751 930 1786 ι

257 1812 361 1858 rentem
373 1805 435 1855 sibi,
470 1805 495 1856 5.
516 1806 611 1870 ltaque
628 1811 758 1870 quantum
775 1819 930 1870 possumus¹

257 1873 425 1925 resiliamus:
446 1873 520 1940 quod
531 1874 593 1924 sola
603 1873 756 1940 praestabit
770 1875 814 1925 sui
825 1881 930 1926 natural

257 1942 355 2009 guitio.
390 1941 466 1994 Sciat
481 1958 535 2009 quo
550 1945 639 1995 iturus
655 1943 704 2003 sit,
724 1943 796 1995 unde
811 1952 904 1996 ortus:
925 1962 930 1994 ι

255 2013 367 2074 bonum,
387 2013 460 2079 quod
476 2014 575 2065 malum
592 2014 642 2064 site
662 2013 728 2078 quid
744 2021 836 2080 petat,
857 2013 924 2082 quid

257 2099 327 2151 quae
342 2082 379 2133 sit
391 2083 441 2134 ille
456 2085 542 2145 ratio,
562 2098 631 2149 quae
647 2085 802 2148 appetenda
812 2099 844 2134 ae
854 2084 930 2152 lugia

257 2159 367 2216 cernat,
389 2167 443 2219 qua
454 2153 635 2218 cupiditatum
647 2156 818 2204 mansuescit
834 2155 930 2205 insanit

257 2239 315 2274 rum
326 2223 639 2289 saevitiacompeseitur.
655 2222 732 2272 llaec
744 2223 854 2288 quidam
867 2230 930 2289 puts

256 2293 340 2343 etiam
361 2293 421 2342 sine
442 2291 614 2358 philosophia
633 2293 809 2356 repressisse:
836 2291 886 2343 aed
907 2307 930 2359 ql

257 2373 336 2412 curos
358 2359 460 2426 aliquis
480 2377 559 2412 casus
580 2368 708 2427 expertas
729 2369 782 2424 est,
804 2362 930 2428 exprimit

257 2427 404 2479 confessio.
439 2429 464 2480 6.
488 2430 843 2499 Magnaeerbaexcidunt,
866 2447 930 2499 qum

256 2499 382 2566 poposcit
394 2512 511 2559 menum,
523 2513 605 2565 quum
618 2514 691 2550 mors
702 2501 818 2566 propius
830 2499 930 2552 accessi

255 2568 295 2620 sis
306 2566 349 2619 illi
359 2567 462 2619 dicere:
473 2567 567 2619 Facile
576 2569 746 2634 provocabas
757 2570 930 2623 malaabseut

257 2637 346 2701 dolor,
367 2653 445 2705 qoem
466 2636 641 2689 tolerabilem
662 2653 723 2691 esse
745 2638 872 2692 dicebas:
894 2653 930 2690 eo

257 2706 796 2777 quamcontramultaauimoseloeutua
812 2725 856 2762 es:
888 2722 930 2759 sor

256 2779 340 2847 gella,
351 2778 459 2846 gladius
472 2777 568 2828 ualeat:

316 2846 397 2901 Naar
406 2847 502 2900 animis
547 2863 586 2910 aa,
596 2846 694 2909 Aeaea,
705 2864 775 2900 aare
783 2858 894 2916 pectore
892 2843 930 2966 {¹

256 2918 281 2969 ⁷.
302 2916 398 2969 Faciet
409 2924 500 2970 autem
517 2917 587 2969 ilud
603 2918 709 2968 mutuas
722 2917 833 2970 assidua
847 2931 891 2966 nie
910 2915 930 2967 il

255 3000 311 3038 nou
322 2989 405 3039 verba
416 2988 581 3050 exercueris,
591 2985 639 3039 sed
650 2988 782 3051 animum,
795 2989 819 3039 si
827 2992 921 3038 eontra

255 3060 285 3106 te
297 3058 522 3126 praeparaverim
540 3056 672 3108 adversus
687 3071 767 3122 quam
784 3074 837 3108 non
849 3052 930 3107 eslim

246 3129 440 3198 uecamollet,
462 3127 511 3202 qul
523 3124 744 3183 cavillatoribus
751 3127 806 3178 tibi
814 3120 928 3192 persuad
