1838 3456
230 506 519 562 EPISTOLAE.
555 509 599 562 80.
766 507 821 563 2³3

11 627 87 698 poam
99 629 212 695 eripere
224 634 253 680 tc
263 625 328 680 huic
342 628 484 691 servituti,
507 642 578 696 quae
594 644 690 682 omnes
707 632 820 697 premit,

11 713 88 768 *qnam
105 698 247 764 mancipia
263 712 371 764 quoque
388 698 556 749 conditionis
573 707 728 762 extremae,
751 704 819 752 etin

15 765 54 820 ‘iis
65 769 196 820 sordibus
209 773 286 830 nata,
303 768 381 818 omni
392 768 476 819 modo
489 782 592 820 exuere
603 769 756 820 conantur!
792 768 819 820 ὁ.

21 836 151 891 Peculium
163 852 257 899 suum,
268 836 342 904 quod
354 843 588 904 comparaverunt
598 845 696 890 ventre
706 838 820 890 frauda·

21 912 52 968 io,
68 923 116 974 pro
127 908 221 974 capite
233 916 393 958 numerant:
416 915 445 956 tu
459 921 511 957 non
525 907 704 974 concupiscet
714 908 822 974 quianu-

23 991 116 1044 cunqoe
129 978 165 1029 ad
178 977 339 1028 libertatem
352 976 512 1043 pervenire,
533 978 581 1044 qui
595 987 622 1029 te
634 984 715 1043 putas
726 978 754 1029 in
767 977 820 1028 iila

22 1046 122 1098 samm!
144 1047 218 1108 Quid
229 1047 264 1098 ad
275 1061 369 1097 arcam
381 1052 458 1097 tuam
471 1047 604 1113 respicisi
626 1050 679 1098 onii
699 1061 752 1098 non
770 1061 818 1112 po·

23 1121 76 1168 test.
109 1116 208 1184 ltaque
224 1118 252 1167 in
269 1115 389 1167 tabellas
401 1131 501 1167 vanum
514 1117 665 1169 coniicitur
676 1131 776 1168 nomen
789 1116 820 1166 ii·

24 1183 144 1238 iactatis:
156 1201 239 1254 qoam
253 1200 304 1236 nec
315 1185 362 1252 qui
373 1192 499 1237 emerunt
512 1185 624 1250 habent,
636 1203 687 1239 nco
699 1188 744 1253 qui
756 1202 821 1238 ven·

25 1254 149 1308 uiderunt.
185 1257 249 1307 Tibi
261 1256 310 1308 des
321 1262 434 1322 oportet
445 1256 521 1308 istud
533 1259 648 1320 bonum,
661 1265 716 1309 nte
728 1263 819 1323 petas.

26 1324 114 1377 Libera
129 1335 158 1378 te
173 1330 290 1393 primum
309 1333 385 1376 metu
403 1329 516 1390 mortim
536 1327 588 1378 iila
604 1329 684 1379 nobis
702 1328 818 1394 primum

28 1392 106 1461 iugum
118 1397 248 1462 imponit:
265 1395 368 1447 deinde
379 1402 455 1447 metu
467 1398 653 1463 paupertatis.
690 1398 716 1449 6.
736 1396 766 1447 Si
779 1397 820 1447 vis

29 1467 85 1516 sciro
104 1482 183 1532 quam
199 1465 268 1516 nihil
286 1466 380 1517 inilia
397 1466 463 1517 maii
480 1465 532 1527 sit,
554 1481 688 1533 compara
704 1467 778 1517 inter
790 1481 820 1516 se

30 1546 160 1600 pauperum
172 1543 200 1589 et
212 1536 328 1586 divitum
342 1535 444 1586 vuitus.
468 1534 586 1602 Saepius
598 1542 744 1602 pauperet
756 1533 821 1586 iide-

30 1601 73 1654 lios
82 1607 161 1658 ridet:
183 1606 262 1658 nullu
274 1604 426 1656 solicitudo
439 1605 468 1656 in
481 1606 540 1656 aito
551 1611 609 1658 est:
632 1607 717 1658 etium
730 1604 753 1655 si
766 1618 819 1670 qou

30 1672 112 1728 incidit
126 1690 204 1738 curn,
225 1675 305 1728 velut
321 1675 408 1728 nubes
419 1675 490 1727 levis
502 1676 614 1729 transit.
651 1675 759 1726 Horum
772 1676 821 1742 qui

32 1740 111 1797 icliccs
121 1745 401 1807 uocantur,hiiaritas
412 1747 479 1798 ficta
489 1753 542 1810 est,
554 1755 604 1798 aut
614 1746 707 1814 gravis
718 1753 747 1797 et
758 1759 821 1810 sup·

32 1823 113 1876 puram
127 1818 256 1868 tristitias
277 1822 305 1867 et
322 1816 434 1883 quidem
450 1819 576 1884 gratim,
598 1818 663 1882 quia
679 1814 819 1869 interdum

33 1885 149 1939 nonlicet
165 1886 258 1952 palam
277 1901 339 1937 essc
356 1887 487 1940 miseros:
511 1886 560 1937 sed
574 1887 649 1938 inter
671 1900 821 1940 aerumnas

33 1966 71 2002 cor
79 1955 159 2023 ipsum
172 1955 340 2017 exedentes,
360 1971 475 2009 neccsse
486 1965 529 2006 cst
541 1971 625 2023 ogere
636 1956 757 2008 felicem.
793 1956 819 2004 7.

32 2016 126 2091 Saepius
145 2025 198 2079 hoc
214 2026 343 2092 extmplo
359 2025 427 2077 mihi
442 2025 575 2077 utendum
595 2031 651 2077 est:
673 2040 724 2076 nec
744 2023 819 2075 enim

32 2089 76 2143 ulio
84 2096 220 2149 efficacius
231 2097 399 2162 exprimitur
409 2093 455 2148 hic
468 2093 606 2146 humanae
618 2093 692 2146 vitae
710 2093 821 2152 mimus,

32 2163 147 2227 ruinosis
158 2173 254 2235 parter
270 2165 335 2228 has,
357 2181 426 2233 quas
443 2164 517 2216 male
534 2179 665 2232 agamus,
685 2165 820 2230 assignat.

32 2228 820 2304 iile,quiinscenaelatusincedit,ethnecresupinusdixit,

72 2307 112 2360 Eo
124 2309 228 2375 impero
238 2305 323 2374 Argis
329 2324 340 2367 ,·
350 2322 436 2377 regnu
448 2303 515 2357 milti
526 2305 607 2374 riqizis
619 2305 725 2373 Pelops,

74 2374 132 2440 Quo
145 2378 238 2430 Ponto
251 2375 284 2428 ab
296 2377 388 2430 Helles
399 2385 482 2444 atque
494 2374 527 2427 ab
538 2375 615 2428 Ionio
626 2376 698 2428 mari

71 2446 193 2518 Urgetur
203 2444 336 2499 intimos.-

24 2528 104 2569 terros
114 2526 171 2579 est3
184 2519 305 2585 quinque
316 2518 428 2568 modios
440 2516 551 2582 accipit,
559 2524 587 2566 ct
599 2516 721 2583 quinque
734 2514 818 2564 dena·

21 2586 73 2639 rios.
110 2589 136 2639 8.
156 2587 208 2640 tite
220 2586 268 2653 qui
280 2588 429 2653 superbus,
452 2595 535 2654 atque
548 2587 696 2652 impotens,
709 2590 736 2635 et
747 2583 818 2634 fidu·

19 2658 50 2710 cis
61 2659 160 2710 sirium
173 2655 296 2708 tumidus
308 2658 357 2718 ait,

66 2725 205 2792 Quodnisi
217 2725 328 2793 quierit,
339 2725 471 2785 Messias,
482 2723 534 2775 iac
545 2723 643 2775 dextra
655 2719 775 2775 occides:

14 2796 135 2851 diurnum
161 2795 278 2861 accipit,
300 2796 328 2847 in
350 2793 518 2846 centunculo
539 2792 652 2842 dormit.
689 2790 762 2841 idern
786 2789 821 2841 de

11 2869 67 2920 istis
85 2869 157 2919 iicet
173 2866 302 2917 omnibus
320 2865 413 2926 dicas,
436 2878 506 2931 quos
524 2875 611 2928 supra
624 2861 722 2930 capitu
735 2858 822 2911 homi·

11 2952 76 2993 som,
96 2948 241 2996 supraque
259 2935 373 2987 turbam
390 2934 538 2989 delicatos
546 2935 660 2990 lectica
671 2930 843 3004 suspectum

11 3003 112 3048 troium
123 3002 244 3050 istorum
254 3014 419 3068 personata
436 3007 571 3066 felicitas
585 3018 644 3066 est.
670 3011 862 3064 Contemnes

11 3063 320 3127 ⁰³⁷¹¹⁷d⁰¹P⁰¹¹¹⁸⁷Ofi³·
365 3081 491 3153 Equum
509 3097 657 3143 emturus
692 3076 882 3139 scirtium

11 3135 99 3186 stom,
111 3130 244 3190 detrahis
258 3150 455 3214 vestimenta
471 3126 720 3232 venatiboane
734 3169 804 3229 qm
812 3142 905 3199 u‘ut'tt
