1838 3456
231 521 282 577 218
526 512 754 569 SENECAE

257 641 288 683 Et
298 637 425 694 aliquande
434 639 519 692 sponte
528 632 670 684 abeundum,
679 632 775 692 etfacit
787 634 913 678 Marcellis

256 701 340 738 cestre
356 697 445 734 metum
461 691 560 733 mertias
577 690 727 747 rationesque
743 687 815 733 iulus
834 695 912 734 tanae

280 765 378 817 Subito
394 764 477 816 hodie
488 763 567 815 nobis
578 763 783 815 Alexandrinae
801 778 888 815 nares
902 779 913 814 a

226 843 304 898 runt,
325 849 395 902 quae
416 833 556 901 praemitti
577 833 671 883 solent
683 838 712 883 et
734 835 867 884 nuntiare
891 849 913 884 se

227 904 495 957 elassisadsentnm.
530 901 829 955 Tabellariasroeant.
862 901 913 953 Gra

227 991 287 1027 rum
308 975 474 1038 Campaniae
495 970 643 1040 adspectus
659 976 710 1023 est.
748 970 846 1022 Omnis
868 974 896 1022 in
908 987 913 1039 Ι

228 1044 368 1098 teoiorum
380 1044 462 1094 turba
473 1041 616 1102 consistit,
637 1047 666 1092 et
677 1056 710 1092 ex
721 1040 785 1106 ipso
797 1055 904 1107 genere

230 1112 442 1172 Alexandrinas,
454 1111 578 1177 quamvis
587 1111 615 1160 in
627 1124 728 1178 magna
738 1108 912 1162 turbanariu

228 1184 302 1252 tigit.
339 1181 414 1233 Solis
426 1181 498 1232 enim
512 1180 577 1232 lieet
589 1194 738 1247 supparum
751 1180 911 1242 intendere,

229 1253 288 1304 alto
303 1266 398 1302 omnes
413 1246 516 1302 habent
531 1264 623 1302 naves.
658 1250 684 1300 2.
705 1248 791 1300 Nulla
807 1250 884 1299 enim
897 1264 912 1299 r

230 1321 344 1373 adiurat
355 1334 476 1382 cursum,
487 1333 570 1386 quam
584 1333 691 1370 summa
702 1333 766 1385 pars
778 1317 849 1370 reli:
863 1317 913 1370 ille

230 1404 273 1440 me
284 1388 362 1439 naris
374 1393 497 1456 urgetur.
533 1388 630 1456 itaque
646 1388 757 1455 quoties
777 1392 913 1439 ventosis

228 1459 375 1525 maiorque
396 1464 438 1509 est
461 1472 541 1525 quarn
565 1456 692 1526 expedit,
712 1462 834 1509 antenna
854 1458 913 1509 subt

229 1530 323 1580 Minus
337 1527 423 1579 habet
436 1527 532 1578 virium
548 1525 630 1578 llatus
641 1541 676 1578 ex
694 1523 803 1577 humili.
840 1525 913 1588 Quor

229 1615 294 1651 sere
305 1601 427 1665 Capreas
439 1603 466 1649 et
477 1597 709 1664 promontorium,
719 1610 752 1647 ex
765 1609 820 1663 quo

292 1668 356 1719 Atre
364 1669 515 1736 precellere
527 1667 684 1732 speculetur
693 1664 795 1717 eerle‘ce
804 1664 913 1729 Pollae,

229 1746 339 1789 ceterae
350 1737 412 1788 celo
424 1737 556 1788 iubentur
567 1750 628 1788 esse
641 1741 803 1786 contentae:
814 1748 913 1802 suppar

230 1806 429 1857 sandrinarum
441 1805 492 1856 insi
515 1820 548 1856 ne
562 1811 612 1858 est.
633 1803 657 1857 3.
670 1804 699 1854 ln
712 1802 765 1855 hoc
776 1805 901 1856 omnium

230 1874 446 1942 properantium·
454 1821 577 1937 adffitos,
592 1888 720 1943 magnam
733 1888 766 1925 ex
777 1874 914 1941 pigritiae

230 1944 255 1995 si
267 1943 449 2010 voluptatem,
469 1945 542 2010 quod
563 1944 699 2011 epistolas
716 1958 842 1995 meorum
864 1959 913 1995 nec

229 2029 284 2064 non
296 2015 442 2080 properavi
454 2013 539 2077 seire,
560 2014 622 2082 quis
633 2014 695 2065 illic
711 2019 786 2065 esset
802 2028 897 2063 rerum

229 2091 330 2147 status,
341 2082 407 2152 quid
419 2082 559 2135 afferrent.
586 2083 659 2135 Olim
671 2084 726 2134 iarn
737 2098 789 2134 neo
801 2083 878 2149 perit
888 2098 913 2150 qs

231 2153 307 2216 mihi,
317 2170 368 2205 neo
378 2154 541 2220 acquiritur.
571 2153 644 2215 Hoc,
657 2152 768 2207 etiamsi
780 2166 865 2204 senex
877 2168 913 2204 ne

231 2224 322 2275 inerat
342 2222 532 2275 sentiendum:
557 2237 627 2274 nunc
646 2235 713 2275 rere
734 2221 824 2272 multo
844 2236 913 2290 mag

229 2292 502 2359 quantulumeunque
525 2290 672 2356 haberem,
691 2298 783 2343 tamen
806 2289 870 2356 plus
894 2291 913 2342 ir

230 2367 390 2426 superesset
401 2361 505 2421 viatici,
517 2375 599 2427 quani
610 2362 684 2412 viae:
701 2359 867 2427 praesertim
881 2375 913 2427 qu

230 2430 302 2478 siam
314 2429 401 2478 simus
413 2430 540 2494 ingressi,
552 2444 633 2496 qnam
647 2445 781 2497 peragere
793 2445 849 2479 non
862 2437 906 2482 est

227 2497 253 2549 4.
265 2497 323 2549 lter
332 2495 523 2563 imperfectum
537 2501 599 2561 erit,
619 2499 643 2549 si
655 2500 684 2549 in
695 2499 787 2551 media
797 2504 890 2564 parte,
906 2515 913 2550 s

230 2567 346 2687 petitum
362 2565 453 2617 locum
469 2565 594 2618 steteris:
614 2569 673 2621 vita
693 2585 747 2619 non
765 2567 913 2636 estimperl

250 2644 345 2691 onesta
357 2641 410 2688 est.
431 2634 593 2702 Ubicunque
604 2634 721 2700 desines,
734 2636 840 2689 sibene
852 2637 913 2691 desi

231 2714 282 2759 est.
312 2705 401 2772 Saepe
413 2712 505 2756 antem
518 2712 546 2758 et
556 2704 670 2757 fortiter
681 2705 864 2758 desinendum
877 2723 913 2760 ese

231 2792 264 2828 ex
285 2775 414 2827 maximis
436 2774 535 2826 causis.
572 2772 643 2825 Nam
665 2792 717 2828 nee
737 2773 789 2828 hae
808 2775 912 2830 maxim

230 2861 301 2913 quae
313 2860 363 2896 nos
377 2852 480 2896 tenent.
510 2842 623 2895 Tullius
633 2842 825 2908 Marcellinus,
837 2860 913 2912 quen

230 2931 357 2976 noveras,
371 2914 533 2967 adolescens
545 2912 657 2983 quietus
669 2920 697 2966 et
708 2915 763 2966 cito
775 2929 869 2977 senex,
890 2931 913 2968 m

230 2998 285 3034 non
305 2983 453 3035 insanabili
476 2992 629 3050 correptus,
649 2983 697 3036 aed
720 2984 803 3051 longo
823 2990 851 3036 et
872 3001 913 3039 me

227 3054 317 3104 muita
328 3053 495 3123 imperante,
506 3057 598 3120 coepit
609 3053 766 3106 deliberare
773 3053 807 3106 de
815 3062 913 3108 morte.

221 3123 337 3177 recent
346 3125 512 3196 complures
524 3125 646 3178 amieosz
656 3124 913 3187 unnseuxsumut
