1964 3434
206 540 490 596 urls'ronnn.
528 544 584 597 108.
732 539 782 598 103

46 677 125 785 iti·
138 660 780 838 lillill¹lnllil&illinitis

46 800 782 937 initialiaiiiitliilniiiiiitt:isit

46 956 99 994 noa
116 954 166 1007 per
175 940 270 990 orbern
283 938 346 1008 agii
365 939 461 1008 Magni
473 943 526 991 iata
537 938 712 991 crediderunt
722 939 781 989 riri.

52 1012 148 1076 linqua
163 1008 295 1061 iudicium
311 1008 419 1077 quidem
433 1016 508 1060 tuum
520 1010 638 1061 auatlnc:
660 1016 781 1060 ceterum

46 1081 84 1132 ria
94 1078 145 1131 tibi
157 1079 265 1146 integra
275 1093 363 1131 nerva.
400 1076 430 1130 Si
445 1092 512 1131 rora
525 1083 592 1129 aunt
607 1079 675 1138 iata,
696 1076 781 1127 abati·

46 1165 86 1202 rac
95 1147 260 1199 animalibus
269 1148 429 1201 innocentia
439 1155 494 1201 cat:
506 1148 532 1199 ri
543 1147 623 1210 falna,
634 1145 783 1215 frugalitas

79 1218 159 1281 Quod
169 1217 234 1270 iatic
244 1218 415 1270 crudelitatis
426 1225 491 1271 tuae
503 1217 631 1269 damnum
648 1216 708 1268 cati
728 1213 784 1267 nli·

46 1294 85 1340 rta
100 1287 153 1339 tibi
169 1287 279 1340 leonum
295 1296 323 1338 at
337 1287 476 1339 vulturum
487 1289 584 1355 eripio.
620 1287 674 1338 llia
685 1284 781 1338 inatin·

46 1373 67 1420 ι,
86 1358 226 1409 abstinero
242 1356 407 1407 animalibus
424 1358 515 1422 coepi:
537 1364 565 1408 ot
581 1370 653 1408 anno
669 1362 782 1424 peracto

56 1434 164 1478 tantum
175 1425 265 1477 facilia
277 1432 338 1475 crat
348 1424 415 1475 mihi
424 1425 615 1487 consuetudo,'
627 1425 676 1477 aed
686 1424 783 1476 dulcia.

49 1495 200 1562 Agiliorom
212 1491 278 1543 rnihi
288 1493 410 1543 animum
424 1508 484 1545 caso
495 1494 656 1545 credebam:
672 1508 723 1544 nec
732 1492 783 1544 tibi

48 1566 75 1614 ie
87 1561 280 1615 affirmaverim
291 1577 325 1611 an
337 1560 430 1612 fucrit.
455 1562 580 1624 Quaeris,
590 1562 729 1628 quomodo
739 1561 784 1612 do·

47 1630 106 1683 iuri
130 1631 160 1681 ln
175 1630 284 1682 Tiberii
301 1631 427 1681 Cocaarir
449 1632 633 1698 principatum
654 1631 784 1682 iuventae

47 1715 101 1769 pua
116 1698 266 1751 inciderat:
289 1698 447 1767 alienigena
461 1709 519 1751 torn
542 1715 620 1753 racra
641 1699 785 1752 moraban-

46 1791 49 1824 ι
72 1770 122 1822 aad
138 1769 211 1820 inter
225 1777 386 1837 argumenta
401 1770 610 1836 auparatltionia
630 1769 784 1838 ponebatur

46 1840 163 1893 rundam
185 1838 343 1891 animalium
368 1841 545 1893 abstinentia.
579 1840 663 1893 Patra
689 1842 783 1905 itaque

46 1929 52 1961 r
65 1914 190 1976 rogante,
200 1909 246 1975 qui
258 1923 313 1960 non
324 1908 489 1962 calumniam
501 1911 625 1971 timebat,
637 1910 685 1962 rod
697 1907 783 1976 philo·

46 1976 116 2031 niani
129 1978 235 2041 oderat,
257 1978 293 2029 ad
305 1978 446 2044 pristinam
459 1978 686 2031 consuetudinem
700 1977 783 2029 cccliii

55 2047 204 2101 ‹lilllcultcr
220 2046 300 2107 mihi,
322 2053 353 2099 ut
368 2048 518 2113 inciperem
539 2048 637 2099 mcliur
657 2059 784 2107 coenare,

46 2118 139 2171 ruaait.
175 2115 217 2168 23.
236 2114 365 2167 Laudare
381 2115 491 2168 nolebat
505 2117 615 2168 Attalus
631 2115 785 2171 culcitram,

45 2204 60 2240 e
71 2187 217 2239 raairtcrct
227 2184 347 2251 corpori:
359 2187 410 2237 tali
421 2194 486 2237 utor
495 2185 578 2237 oriani
589 2199 683 2247 rainer,
692 2186 719 2235 in
732 2199 784 2251 qun

46 2258 137 2326 igium
148 2268 281 2322 apparere
292 2269 345 2305 non
357 2256 452 2320 ponit.
489 2257 566 2309 llaec
577 2255 671 2317 retuli,
681 2263 711 2306 ut
724 2269 784 2321 pro·

46 2343 83 2382 nn
95 2325 156 2388 tibi,
172 2339 251 2392 quarn
263 2323 437 2377 veliementer
448 2323 580 2377 habomnt
591 2324 720 2378 tirunculi
732 2326 782 2375 inr-

46 2413 71 2450 ιε
83 2395 187 2464 primos
197 2393 232 2446 ad
245 2396 352 2459 optima
363 2409 500 2462 quaeque,
516 2395 541 2447 ri
553 2395 613 2462 quir
624 2392 785 2449 exhortare·

46 2468 124 2528 illoc,
134 2464 160 2517 ri
171 2464 232 2531 quir
242 2463 405 2530 impelleret
436 2463 490 2517 Scri
501 2464 605 2533 aliquid
616 2465 784 2532 prncciplen·

46 2555 58 2589 n
70 2536 142 2587 vitio
153 2539 295 2603 peccatur,
315 2533 362 2600 qui
372 2548 422 2585 nor
437 2533 537 2587 docent
553 2535 708 2602 disputare.
729 2547 783 2582 non

46 2621 97 2670 tre3
118 2602 222 2671 aliquid
234 2602 411 2666 discentium,
423 2604 469 2670 qui
482 2607 651 2673 proponiturn
663 2602 785 2655 afferunt

46 2680 333 2809 ititt‘li‘iiis
348 2669 785 2811 iltillilililitlnil

134 2781 142 2795 ·
212 2778 218 2792 ·
678 2775 686 2803 r

46 2815 144 2884 ologia
155 2819 207 2866 ort.
235 2810 353 2863 Multum
365 2819 460 2864 autom
472 2812 507 2864 ad
519 2826 576 2879 rcrn
589 2812 719 2880 pertinet,
729 2824 784 2876 quo

46 2885 136 2956 ponito
153 2882 187 2935 ad
203 2896 284 2950 quam
294 2897 353 2935 rom
365 2881 488 2934 accodaa.
524 2881 578 2944 Qui
589 2879 785 2950 grammaticus

46 2971 114 3016 rrua,
134 2951 282 3020 Virgilium
300 2959 455 3013 rcrutatur,
476 2965 532 3002 non
548 2949 600 3005 hoc
611 2951 705 3004 animo
715 2948 785 3018 legit

46 3022 223 3093 logronium,

49 3091 180 3163 -Frrgit
189 3090 366 3162 irreparabile
376 3099 492 3163 tenpaat
538 3163 597 3221 m
