1838 3456
283 509 570 564 EPiS'FOLAE.
607 512 650 568 81.
814 516 867 571 235

57 631 80 679 si
92 629 146 689 sis,
160 636 188 678 et
199 627 285 678 iilud:
296 628 409 690 „Multo
421 630 482 695 pius
495 637 591 697 postea
602 633 708 695 nocuit,
722 648 803 700 quern
815 648 863 684 en·

57 708 84 750 te
108 695 287 764 profuerat.“
324 696 352 749 Si
373 708 475 751 rectem
492 701 569 751 iilam
586 702 669 770 rigidi
687 703 788 754 iudicis
803 719 865 754 sen·

58 768 177 818 sentiam
194 766 320 833 quoeris,
342 766 460 819 sitorum
477 770 512 819 eb
525 772 614 822 eitero
625 771 766 832 absolvet,
787 781 814 821 et
826 772 865 822 di·

57 846 115 889 cet:
128 836 268 900 Quensvis
280 835 384 886 iniuria
397 839 606 903 praeponderet,
618 847 711 891 temen
723 841 864 892 beneficiis

57 908 192 965 donetur,
203 904 277 971 quod
289 920 322 955 ex
334 905 437 957 iniuria
448 913 583 973 superest.
610 908 679 960 Pius
691 909 802 959 nocuit?
815 909 864 962 sed

2 989 4 992 ·
57 978 135 1041 prius
149 973 270 1038 profuit3
283 974 375 1040 itaque
388 972 524 1027 halvestur
535 985 564 1028 et
575 980 709 1044 temporis
722 979 804 1030 retio.
837 978 864 1028 4.

57 1047 115 1096 lasis
137 1044 188 1094 ilie
205 1041 398 1094 manifestiora
415 1053 493 1106 sunt,
514 1059 595 1112 quem
611 1054 643 1098 ut
659 1046 804 1098 admoneri
820 1046 864 1097 de-

56 1116 141 1172 beas,
163 1113 352 1179 quaerendum
375 1128 450 1176 esse,
471 1130 552 1180 quem
575 1116 694 1168 libenter
717 1114 864 1184 profuerit,

57 1197 143 1250 qum
157 1182 263 1233 invitus
274 1183 413 1234 nocuerit:
433 1185 561 1249 quonism
579 1188 671 1237 snimo
688 1192 716 1238 ot
731 1186 864 1238 beneficia

55 1264 85 1303 et
95 1251 221 1302 iniuriae
234 1256 372 1303 constent.
408 1253 491 1303 Nolui
502 1255 664 1307 beneficium
678 1257 757 1307 dere:
774 1255 864 1305 rictus

55 1336 119 1372 sum
131 1327 182 1370 aut
192 1320 366 1382 verecundis,
376 1327 424 1371 sut
435 1322 566 1374 instuntis
579 1326 796 1391 pertinacimeut
806 1338 863 1389 spe.

59 1395 100 1443 Eo
112 1391 209 1441 animo
221 1387 340 1456 quidque
352 1389 477 1452 debetur,
489 1406 543 1457 quo
555 1392 649 1445 detur:
661 1410 721 1455 nec,
732 1400 862 1459 quantum

58 1461 111 1520 sit,
136 1457 186 1510 sed
202 1473 220 1509 e
235 1457 310 1525 quoii
326 1459 480 1525 proiectum
494 1460 652 1523 voluntate,
673 1461 863 1528 perpenditur.

60 1531 143 1581 Nunc
165 1528 327 1578 coniectura
347 1527 473 1578 toiistur.
508 1527 534 1579 5.
555 1531 590 1581 Et
613 1530 682 1581 iliud
704 1530 864 1580 beneficium

59 1601 131 1660 fuit,
154 1596 254 1650 ethos
269 1596 340 1664 quod
358 1596 470 1648 niodum
485 1598 612 1650 beneficii
623 1599 725 1665 prioris
736 1598 865 1656 excessit,

59 1668 165 1719 iniuria
181 1674 234 1719 est.
271 1665 324 1718 Vir
338 1666 426 1718 bonus
444 1674 577 1733 utrosque
589 1668 712 1719 calculos
723 1669 765 1718 sic
778 1669 863 1733 ponit,

61 1749 90 1789 ut
101 1754 133 1788 se
145 1739 207 1804 ipse
217 1737 441 1789 circumscribetz
463 1737 597 1789 beneficio
614 1738 723 1800 adiicit,
744 1738 864 1789 iniurius

59 1808 157 1858 demit.
195 1806 246 1858 iiie
268 1805 342 1857 niter
363 1807 509 1860 remissior
528 1808 620 1868 iudex,
642 1824 722 1875 quem
743 1823 803 1860 esse
820 1821 864 1857 me

60 1877 151 1938 nisio,
171 1875 292 1928 iniuriae
304 1875 431 1927 oblivisci
444 1877 574 1939 debebit,
595 1878 678 1929 officii
695 1877 863 1929 meminisse.

61 1948 123 1998 iioc
134 1954 222 2008 certe,
244 1946 343 2010 inquit,
361 1946 487 1998 iustitiae
504 1948 648 2008 convenit,
668 1961 747 1998 suurn
764 1948 864 2010 cuique

60 2017 194 2077 reddere,
213 2015 350 2066 beneficio
365 2015 499 2082 gretiam,
520 2016 638 2067 iniuriae
650 2016 796 2076 tuiionem,
815 2018 863 2063 uut

59 2093 135 2137 certe
149 2084 251 2135 muium
267 2084 395 2151 gretiam.
430 2083 456 2135 6.
476 2083 579 2135 Verum
600 2085 655 2136 erit
670 2083 761 2146 istud,
782 2097 863 2150 quum

1 2195 2 2203 ,
59 2156 131 2206 eiius
142 2155 274 2206 iniurium
287 2152 474 2215 iecerit,aiius
485 2152 645 2204 beneficium
658 2153 773 2205 dederit.
794 2152 863 2204 Nem

59 2228 85 2276 si
94 2226 168 2278 idem
183 2233 236 2285 est,
247 2224 383 2277 beneflcio
395 2223 438 2274 ris
450 2223 568 2274 iniuriae
580 2224 773 2291 exstinguitur.
793 2221 863 2272 Nom

58 2298 112 2355 cui,
135 2294 250 2346 etiamsi
268 2296 369 2345 merite
390 2307 443 2344 non
465 2296 693 2357 antecessissent,
717 2291 864 2359 oportebat

58 2365 184 2433 ignosci,
206 2370 270 2430 post
285 2363 421 2416 beneficis
431 2362 551 2415 laedenti
564 2363 625 2430 pius
638 2379 716 2431 quens
729 2363 807 2413 renis
819 2360 864 2410 dc·

58 2437 151 2486 betur.
189 2434 253 2485 Non
265 2447 339 2500 pono
352 2433 463 2499 utrique
474 2448 523 2499 por
534 2434 666 2499 pretium:
684 2434 770 2500 piuris
781 2431 863 2482 nesti-

56 2520 103 2555 mo
114 2503 298 2565 beneficium,
314 2517 395 2567 qsrsm
407 2502 546 2555 iniuriam.
583 2504 644 2556 Non
656 2518 752 2554 onrnes
764 2502 865 2551 debere

55 2576 152 2626 sciunt
174 2572 249 2640 prati
271 2571 443 2623 beneficium.
479 2572 578 2625 Potest
597 2575 680 2624 etiem
697 2567 865 2636 imprudens,

54 2655 86 2696 et
101 2642 198 2704 rudis,
220 2648 247 2692 et
264 2656 333 2691 unus
350 2642 472 2702 storbo,
493 2642 591 2710 utique
603 2642 666 2692 dum
679 2654 764 2708 prope
776 2646 818 2689 est
829 2636 863 2687 eb

57 2720 188 2778 eccepto,
208 2710 324 2763 reddere
336 2712 508 2771 beneficium,
520 2720 547 2763 et
559 2726 689 2779 pensores
701 2710 808 2775 ignoret
818 2720 865 2756 uu·

57 2790 126 2844 tem,
150 2787 286 2848 quantum
304 2779 413 2832 debeat.
449 2781 474 2830 ⁷.
494 2779 545 2832 Uni
561 2780 681 2847 sepienti
700 2785 795 2828 notum
813 2782 866 2835 est,

57 2853 160 2921 quenti
172 2867 218 2903 res
230 2865 357 2917 quaeque
369 2847 492 2901 tuende
511 2857 556 2901 sit.
592 2849 659 2902 Noni
674 2848 741 2911 iiie,
761 2845 795 2897 de
810 2858 863 2912 quo

49 2915 889 2986 loquebarmodo,stuitus,etiumsiisunnetoiuntut'xsest,

38 2985 196 3036 autminus
206 3001 292 3052 quem
307 2992 408 3059 debet,
422 3002 475 3049 aut
488 3004 638 3070 ternpore„
649 3004 701 3052 out
710 3010 769 3066 uuo
779 3004 843 3043 uon
854 2983 906 3034 uu·

27 3050 165 3131 betlocp,
175 3055 289 3131 reddit.-
299 3061 334 3117 id
346 3068 429 3135 quod
442 3072 650 3131 referendum
664 3080 724 3137 est,
736 3061 872 3124 eiiuniixt
882 3067 908 3103 p

16 3126 74 3174 ΨΜ
92 3117 207 3173 ‘'mm‘'
248 3128 334 3190 Μ”Γδ
360 3140 395 3196 ¹⁰¹1
421 3137 623 3218 qt'ribusdunt
652 3151 753 3206 reisue
773 3136 893 3192 ceruos
