1964 3434
19 559 28 599 i

292 501 578 559 episcopio.
613 505 656 559 94.
835 500 872 558 89

76 626 119 680 29.
127 623 297 679 Advocatum
308 625 364 677 isto
375 620 586 691 non‘qoeeront:
598 623 713 685 effectos
723 630 800 699 ipsos
812 633 873 681 ton·
930 636 933 641 ’

77 704 162 765 gont,
190 702 219 747 et
245 703 344 746 notum
367 696 422 745 rim
448 709 525 745 soem
552 706 697 752 exercente
717 701 875 767 proficiunt.

77 767 210 819 Omnium
221 763 404 817 honestorum
421 779 513 816 rerum
535 766 641 817 semino
662 771 748 822 enimi
767 776 876 837 gerunt,

79 851 152 903 quoe
163 835 354 886 admonitione
365 834 536 886 excitentur:
548 849 602 885 non
615 836 699 888 aliter
709 854 788 906 quem
802 839 874 889 scin·

72 905 144 957 ‘tilis
154 903 224 956 iloto
236 904 292 957 leri
302 905 413 968 adiuta,
425 906 515 972 ignem
528 918 606 955 soum
617 907 748 973 explicet.
784 907 874 975 Erigi-

72 976 245 1037 convietus,
266 990 348 1043 quum
366 982 440 1025 tecto
457 981 498 1024 est
519 981 547 1025 et
566 974 692 1045 impulse.
728 977 879 1029 Praetereo

80 1045 219 1116 quaedam
230 1051 293 1095 sont
305 1045 414 1111 quidem
427 1046 454 1096 in
466 1043 573 1106 animo,
584 1046 633 1098 sed
645 1059 741 1116 porum
753 1054 879 1115 promtu

79 1132 154 1185 quoe
174 1115 308 1182 incipiunt
329 1115 357 1165 in
377 1113 507 1182 expedito
524 1129 593 1179 esse,
613 1113 695 1184 qoom
712 1118 877 1170 dictasunt:

80 1184 218 1256 quaedam
236 1184 352 1236 diversis
367 1185 436 1236 iocis
445 1186 538 1237 iacent
553 1202 665 1253 sparso,
686 1203 756 1258 quoe
771 1194 879 1239 contro·

69 1255 348 1309 ''hereinexercitetn
367 1270 513 1315 memnon
535 1263 636 1325 potest.
671 1257 714 1312 30.
735 1259 831 1325 itaque
851 1257 879 1306 in

78 1340 166 1379 onum
179 1324 346 1378 conferenda
356 1332 429 1387 sont,
440 1332 469 1376 et
479 1324 633 1395 iungendo,
644 1318 675 1378 ot
685 1328 747 1394 pios
758 1329 878 1386 valeant,

80 1397 260 1462 animumque
270 1396 359 1462 magis
370 1395 500 1446 olierent.
535 1399 598 1458 Aut,
617 1398 640 1448 si
652 1408 800 1465 praecepto
809 1395 879 1449 nihii

71 1467 230 1527 ¹adiuvent,
242 1465 330 1515 omnis
342 1464 481 1516 institutio
493 1464 619 1517 tollendo
629 1473 686 1518 est:
698 1468 766 1533 ipso
778 1474 880 1517 noturo

80 1536 207 1591 contenti
219 1550 279 1586 esse
290 1534 429 1586 debemus.
464 1532 527 1584 Hoc
536 1535 583 1605 qui
596 1534 703 1598 dicunt,
720 1552 774 1587 non
783 1538 879 1588 vident

80 1606 167 1660 olium
185 1602 288 1675 ingenii
303 1619 364 1656 esse
380 1602 489 1656 mobilis
505 1610 533 1655 et
543 1607 642 1668 erecti,
664 1605 747 1671 elium
763 1605 837 1657 tardi
852 1612 880 1656 et

81 1675 204 1729 hebetior
227 1675 323 1741 otique
339 1673 410 1726 elios
427 1673 483 1724 olio
501 1674 674 1742 ingeniosior
690 1671 740 1728 est.
776 1673 881 1744 ingenii

81 1749 126 1799 ris
138 1745 294 1814 praeceptis
305 1743 389 1796 alitor
400 1750 428 1797 et
438 1745 549 1808 crescit,
570 1760 709 1813 novasque
721 1747 879 1815 persuasio·

81 1834 132 1870 nes
155 1816 251 1869 adiicit
271 1815 386 1877 innotis,
408 1821 437 1866 et
458 1814 607 1881 depravato
627 1817 751 1887 corrigit.
787 1815 828 1870 31.
849 1814 880 1868 Si

73 1889 156 1957 quis,
168 1889 272 1954 inquit,
283 1901 336 1937 non
347 1882 430 1936 habet
442 1885 654 1949 mommoreto,
666 1889 730 1956 quid
741 1886 820 1939 ilium
832 1884 880 1937 od·

80 1958 251 2011 monitiones
263 1956 396 2006 iuvabunt
406 1954 480 2005 vitiis
492 1955 662 2022 obligatomi
683 1956 745 2009 Hoc
760 1956 879 2017 scilicet,

81 2037 112 2080 ot
123 2028 182 2079 iilis
194 2027 335 2078 liberetur.
363 2024 425 2076 Non
437 2025 507 2074 enim
520 2027 658 2076 exstincta
669 2027 697 2076 in
708 2026 757 2076 iiio
769 2025 880 2076 indoleo

82 2098 218 2150 naturalis
230 2102 284 2148 est:
296 2093 344 2146 seri
356 2093 512 2154 obscurata,
520 2099 548 2144 et
560 2108 699 2160 oppresso.
718 2093 879 2161 Sicqooque'

81 2174 175 2221 tentat
186 2179 339 2233 resurgere,
351 2170 380 2216 et
391 2170 487 2214 contre
498 2178 584 2230 prava
594 2164 700 2215 nititur.
736 2163 825 2215 Necte
835 2178 880 2215 ve·

81 2253 113 2291 ro
125 2235 305 2306 praesidium,
327 2232 464 2286 etodium
477 2233 640 2300 praeceptis,
655 2232 835 2286 convalescit:
856 2234 879 2284 si

75 2316 177 2362 ‘tomen
191 2307 267 2358 iiiam
280 2303 386 2356 diutine
397 2302 483 2369 pestis
496 2317 549 2353 non
561 2302 673 2368 iniecit,
695 2319 745 2356 nec
760 2306 878 2357 enecuit.

81 2381 165 2432 Hono
177 2378 248 2429 enim
261 2390 295 2426 ne
307 2373 453 2440 discipiino
463 2374 572 2440 quidem
589 2373 796 2442 philosophice,
816 2378 879 2426 toto

80 2450 186 2517 impeto
199 2461 249 2497 suo
262 2444 390 2505 connixo,
402 2445 538 2496 restituet.
574 2443 615 2497 32.
626 2443 697 2513 Quid
710 2447 782 2498 enim
794 2447 879 2496 inter·

81 2527 124 2574 est
142 2521 216 2570 inter
237 2514 348 2566 decreto
369 2511 574 2580 philosophice,
596 2522 624 2567 et
644 2522 805 2583 praecepto,
827 2514 879 2564 nisi

81 2588 155 2659 quod
168 2588 219 2639 iilo
235 2583 376 2655 genet-elia
390 2591 538 2651 praecepto
554 2591 630 2647 sunt,
650 2585 717 2638 hoec
733 2582 879 2652 specialia!

80 2661 204 2726 Utroque
215 2672 259 2708 res
269 2654 416 2721 praecipit:
438 2653 487 2706 sed
499 2654 589 2707 nitere
600 2656 627 2706 in
639 2662 728 2706 totum
735 2692 743 2719 ,
760 2652 879 2774 pertico-

78 2730 160 2784 latim
171 2728 270 2780 nitere.
307 2723 336 2776 Si
347 2724 420 2791 quis,
431 2724 533 2791 inquit,
545 2734 622 2778 recto
632 2724 715 2777 hebet
725 2729 753 2775 et
783 2727 881 2773 onesto

77 2799 202 2862 decreta,
212 2797 259 2849 hic
271 2809 304 2848 ex
316 2808 484 2861 supervacuo
496 2802 630 2847 monetur.
666 2794 796 2862 Minime:
813 2808 874 2842 nnm

74 2871 121 2924 iric
140 2882 253 2938 qnoque
270 2864 366 2916 doctus
381 2864 490 2931 quidem
507 2872 550 2916 est
566 2864 671 2928 iacere,
693 2879 763 2933 quoe
781 2862 876 2915 debet:

77 2945 122 2995 red
137 2942 172 2994 nd
185 2939 255 2992 hooc
266 2951 321 2988 non
333 2934 403 2986 setis
414 2934 556 3001 prospicit.
592 2932 634 2989 33.
653 2933 715 2987 Non
734 2934 805 2988 enim
816 2937 876 2986 ton·

77 3023 134 3066 tom
148 3009 297 3064 effectibus
308 3004 488 3072 impedimur,
508 3014 561 3074 quo
577 3006 667 3058 minos
684 3002 824 3074 probando
835 3000 875 3057 itt·

76 3084 194 3141 ciamus,
216 3078 265 3130 sed
278 3075 419 3143 imperitia
429 3074 602 3142 inveniendi,
619 3075 688 3148 onii
698 3086 887 3147 nomenoio*
