1942 3360
137 504 174 560 24
431 504 654 558 SENECAE

136 626 265 692 Alioquin
281 625 475 693 gubernatoris
490 635 578 677 artem
593 625 662 678 adeo
680 641 734 677 non
750 626 879 693 impedit,
894 633 922 678 ut
968 682 971 685 Δ

136 697 275 748 ostendat.
311 696 473 762 'l'ranquiiio
495 697 576 756 enim,
598 704 628 746 ut
646 695 733 757 aiunt,
755 690 872 762 quilibet
882 711 922 764 gu·
966 701 971 740 Ι

135 766 268 818 bernator
284 771 335 816 eet.
371 765 412 817 30.
424 764 541 832 Navigio
557 766 613 815 ieta
628 764 744 824 obsunt,
765 781 819 816 non
831 765 922 818 recturi
969 772 971 794 t

135 836 204 897 eius,
220 850 273 902 qua
283 843 375 886 rector
386 841 435 885 eet.
470 835 548 885 Duas
559 848 691 900 personas
701 832 788 886 babet
797 837 922 901 guberna·

134 909 191 958 tor:
213 905 328 956 aiteram
348 919 518 955 communem
531 918 591 955 eum
604 903 741 963 omnibus,
758 905 806 970 qui
818 905 923 956 eandem

134 975 355 1026 conscenderunt
374 987 478 1035 navem,
499 988 553 1038 qua
567 972 626 1039 ipse
643 986 755 1040 quoque
772 982 924 1025 vectoreet:

131 1044 252 1097 alteram
264 1044 413 1110 propriam,
433 1058 488 1109 qua
499 1043 668 1110 gubernator
678 1048 731 1092 est.
769 1044 925 1108 Tempestas

134 1122 267 1180 tanquam
283 1111 389 1164 vectori
408 1119 503 1174 noeet,
524 1125 578 1162 non
594 1119 727 1177 tanquam
743 1112 924 1178 gubernatori

134 1182 242 1235 Deinde
253 1181 448 1249 gubernatoris
459 1196 505 1232 ars
515 1180 632 1231 alienum
644 1179 748 1231 bonum
761 1188 819 1242 est3
830 1181 864 1231 ad
875 1196 924 1242 eos,

134 1267 203 1319 quos
214 1249 298 1312 vehit,
308 1251 440 1316 pertinet:
453 1248 589 1316 quomodo
602 1248 699 1300 medici
705 1265 753 1300 ars
763 1249 799 1301 ad
806 1264 854 1302 eos
863 1265 924 1318 quoe

134 1325 225 1375 ourat:
241 1319 378 1386 sapientia
388 1333 533 1371 commune
544 1318 645 1369 bonum
658 1328 709 1381 eat,
721 1326 750 1370 et
764 1334 860 1371 eorum
871 1335 923 1370 cun

133 1390 233 1456 quibus
248 1388 326 1450 sirit,
346 1396 375 1440 et
384 1389 523 1455 proprium
535 1387 627 1455 ipsius
662 1385 704 1438 31.
726 1388 825 1455 itaque
836 1389 924 1457 guber·

132 1455 491 1520 natorifortaeeenooetur,
514 1460 591 1509 euius
601 1456 785 1508 ministerium
798 1458 924 1526 aliiepro·

132 1529 247 1580 missurn
258 1533 423 1595 tempestate
435 1527 597 1594 impedituri
616 1525 736 1591 sapienti
751 1542 808 1578 non
819 1535 925 1580 nocetur

131 1595 923 1733 tttttizt‘tttiidistertii„titt:{tutti

132 1736 182 1790 ead
192 1742 299 1787 tantum
310 1735 344 1786 ad
356 1735 427 1787 aiios
438 1735 618 1800 pertinentia:
635 1734 695 1800 ipse
707 1749 821 1801 semper
831 1738 858 1788 in
868 1744 923 1787 acto

131 1812 184 1868 est,
195 1819 250 1856 non
261 1805 290 1855 in
301 1803 412 1856 effectu.
429 1805 508 1856 Tune
518 1805 661 1866 maximus,
671 1819 756 1871 quum!
766 1805 811 1856 ilii
822 1805 923 1858 fortuna

130 1873 846 1996 ‘tttutitbttttttttibitibi&
865 1875 922 1996 “ii

706 1980 714 2006 ‚
847 1982 854 1995 .
916 1979 920 1992 .

129 1959 281 2066 {meteres
292 2029 326 2066 ne
337 2012 401 2065 aliis
420 2014 531 2080 quidem
542 2021 608 2064 tune
618 2012 749 2079 prodesse
760 2013 921 2081 prohibetur,

130 2100 212 2153 quum
227 2083 306 2135 illum
326 2083 435 2152 aliquae
445 2084 626 2136 necessitates
638 2091 778 2149 premunt.
813 2084 921 2153 Propter

128 2163 321 2222 paupertatem
333 2154 495 2219 prohibetur
506 2153 615 2214 dooere,
632 2153 864 2222 quemadmodum
875 2163 921 2206 tra·
953 2155 971 2217 ‘i

129 2225 231 2277 etenda
240 2225 396 2292 respublica
404 2224 456 2276 eit:
477 2230 507 2275 at
515 2223 583 2274 iliud
597 2222 687 2287 docet,
698 2224 920 2291 quemadmodem
969 2219 971 2287 Ι

128 2295 275 2345 tractanda
290 2296 327 2346 eit
342 2300 504 2361 paupertas3
527 2309 576 2361 per
590 2301 677 2345 totam
692 2295 779 2346 vitam
790 2310 858 2364 opus
868 2296 919 2346 eiot
970 2311 971 2345 i

128 2362 296 2416 extenditur.
332 2361 602 2426 renuntiatorem,
621 2362 768 2427 nullam,
790 2373 864 2416 actus
878 2378 919 2414 sa·

127 2432 230 2500 pientio
242 2430 375 2483 excludit.
411 2434 442 2484 ld
455 2435 525 2485 enim
537 2436 625 2499 ipsum
636 2432 703 2500 agit,
712 2449 770 2500 quo
781 2433 835 2486 alia
843 2446 920 2500 agere

127 2499 301 2569 prohibetur.
335 2501 377 2554 Ad
392 2509 522 2569 utrosque
534 2518 613 2554 casus
624 2509 704 2569 aptus
716 2510 773 2553 est:
793 2504 921 2556 bonorum

127 2578 228 2632 rector,
238 2577 267 2623 et
278 2569 412 2621 malorum
423 2572 520 2623 victor.
556 2571 597 2624 3³.
614 2572 666 2633 Sic,
679 2573 801 2638 inquam,
811 2588 841 2624 se
852 2585 923 2625 exer·

127 2641 194 2701 enit,
213 2646 244 2692 ut
255 2640 384 2692 virtutem
395 2648 451 2691 tam
468 2641 497 2692 in
515 2641 648 2692 secundis·
659 2656 743 2707 quam
759 2644 787 2693 in
803 2640 923 2694 adversis

127 2708 271 2763 exhibent:
293 2725 344 2763 neo
360 2711 503 2763 materiam
516 2711 588 2774 eius,
607 2711 656 2763 sed
671 2713 761 2777 ipsam
778 2712 923 2763 intueatur.

127 2781 225 2848 itaque
235 2797 286 2834 nee
297 2787 445 2848 paupertas
456 2780 543 2842 iilum,
554 2797 605 2834 nee
615 2780 705 2843 dolor,
717 2796 769 2832 neo
780 2782 923 2849 quidquam

127 2849 202 2902 aliud
211 2851 284 2918 quod
294 2852 438 2918 imperitos
450 2851 552 2903 avertit
563 2859 591 2903 et
601 2850 766 2917 praecipites
778 2853 848 2919 agit,
885 2863 924 2899 ro·

126 2917 212 2972 bibet.
235 2924 279 2973 Tu
288 2921 367 2973 elium
379 2922 467 2989 premi
478 2927 558 2988 putas
569 2919 666 2972 metis!
677 2918 781 2974 Utitur.
810 2920 853 2974 ot.
865 2865 923 2974 {tot

126 3002 162 3039 ex
179 2989 263 3042 ebore
279 2997 386 3043 tantum
401 2992 515 3044 Phidias
534 2991 637 3042 sciebat
657 2988 752 3041 iacere
764 2990 925 3052 simulacraq
970 3036 971 3039 ,

118 3056 246 3116 iaciebat
257 3076 290 3116 ex
306 3076 381 3116 aere.
401 3060 561 3116 Simarmor
576 3059 632 3123 illi¹
650 3059 675 3110 ei
691 3056 785 3112 adbuc
799 3060 923 3112 viliorem
