1942 3420
124 309 177 365 2³0
418 305 643 363 SENECAE

126 434 201 487 sunl:
222 425 359 481 abducunt
369 442 386 479 a
395 428 498 495 patris,
513 443 532 481 a
542 427 713 495 parantibus,
726 427 763 481 ab
776 427 883 489 amicis,
896 441 909 478 a

125 497 287 560 uirtutibus,
308 505 337 550 st
351 498 379 549 in
396 504 502 564 turpem
518 499 605 549 vitam
618 497 731 549 miseros
741 498 853 564 turpius
864 495 909 546 ilii

126 568 202 621 dunt.
237 568 347 630 Quanto
359 570 445 619 satius
457 574 512 629 est,
535 573 641 620 rectum
651 566 729 632 sequi
739 566 870 628 inuitem,
887 572 909 614 st

126 651 159 691 co
171 650 202 689 se
211 636 409 705 perducerent
420 652 453 689 ss
464 635 573 688 desuum
583 638 639 689 sint
649 637 701 688 tibi
713 634 844 697 iucunda,
850 648 910 701 quse

125 705 258 760 honesta!
279 706 359 768 Quod
371 706 482 773 asseqm
493 709 657 773 poterimus.
667 707 693 758 si
704 703 853 759 fecerimus
864 704 910 756 duo
948 759 949 763 ἵ

125 791 187 829 esse
198 790 301 844 possa
310 791 409 838 rorum,
421 791 490 842 quaa
501 791 551 827 nos
562 784 610 831 sut
619 775 803 837 inritentaut
813 773 911 842 lugent

126 846 260 907 inviteut3
275 852 305 897 ut
316 845 438 908 divitiae,
453 845 620 912 voluptates,
631 842 732 907 fos-rus,
744 843 869 904 ambitio,
878 855 913 894 os·
943 881 945 886 ι

126 923 188 969 tera
197 913 299 972 blanda
310 922 338 968 ct
349 914 512 969 arridentis.
551 913 590 967 13.
602 913 726 982 Fugam
737 914 828 975 labor.
839 926 911 971 mors,
945 935 950 946 ³

127 985 218 1051 dolor,
238 984 398 1053 ignominia,
412 985 501 1037 victus
513 983 682 1041 adstrictior,
717 983 860 1038 Debemus
871 984 912 1033 its·

127 1070 179 1122 qua
195 1055 332 1125 merceri,
352 1070 385 1107 ne
402 1051 469 1108 hacc
480 1055 639 1114 timemus,
660 1052 758 1108 ncilla
769 1053 911 1118 cripiamus

126 1126 156 1181 ln
169 1122 339 1175 contrarium
350 1137 515 1191 pugnamus,
525 1129 555 1177 et
564 1122 598 1173 ab
610 1122 797 1176 invitantibus
808 1120 911 1175 receda-

126 1191 332 1256 mus,adrersus
344 1194 469 1260 petentia
481 1195 657 1248 concitemur.
674 1191 739 1247 Nus
748 1191 912 1258 visanum

127 1261 250 1314 diversus
270 1263 308 1315 sit
328 1261 534 1317 ascendentium
555 1261 683 1325 habitus,
703 1268 734 1315 ot
754 1259 911 1315 descenden-

127 1331 214 1384 tiunsl
225 1333 278 1394 Qui
290 1347 339 1399 per
348 1346 462 1400 pronum
474 1338 548 1394 cunt,
558 1330 720 1398 resupinant
731 1346 861 1398 corpora:
873 1328 911 1394 qui

127 1403 154 1452 in
167 1400 291 1463 arduum,
310 1402 477 1455 incumbunt.
514 1399 620 1454 Namsi
632 1399 795 1462 descendas,
817 1398 913 1467 pondus
955 1398 956 1404 ’

127 1486 204 1522 suum
216 1472 245 1524 in
257 1471 375 1539 priorem
387 1478 494 1538 partem
507 1470 586 1524 dares
599 1470 623 1521 si
635 1469 779 1534 ascendas,
789 1478 865 1523 nstro
875 1468 914 1521 alr

130 1540 240 1604 ducere,
250 1556 311 1592 oum
323 1542 402 1602 vitio,
414 1540 515 1602 Lucili,
525 1541 683 1594 consentire
693 1547 748 1594 est.
785 1539 828 1592 lt.
839 1539 867 1591 ln
875 1550 914 1588 se

129 1610 249 1675 luptates
259 1609 447 1662 descenditur:
459 1611 486 1660 in
499 1625 543 1661 res
555 1624 668 1675 asperas
679 1609 914 1663 etdurassubrun·

128 1677 191 1729 dum
208 1683 259 1730 est.
294 1680 350 1730 llic
364 1678 537 1745 impellamus
552 1693 684 1746 corpora,
703 1679 765 1731 illic
782 1677 914 1731 refraene-

129 1763 197 1801 mus.
232 1747 295 1805 Hoc
310 1764 382 1806 nunc
398 1764 441 1800 ma
456 1748 599 1803 existimus
615 1749 721 1810 dicere,
741 1763 792 1802 eos
816 1752 913 1801 uutu·
960 1794 962 1800 ,

129 1815 297 1883 perniciosos
308 1833 368 1870 essa
378 1819 491 1871 auribus
502 1817 613 1879 nostris,
623 1817 670 1885 qui
681 1819 854 1884 voluptatem
863 1815 915 1868 lau·

130 1887 207 1947 dant,
217 1888 263 1954 qui
275 1885 499 1951 doloras‚mstus,
511 1902 561 1955 per
570 1903 601 1939 se
611 1886 807 1942 formidabiles
818 1903 870 1948 res,
880 1885 916 1936 lu·
963 1916 965 1942 2

130 1955 254 2009 cutiuntl
288 1956 355 2008 illos
376 1973 484 2081 Quoque
505 1972 605 2010 nocere
619 1958 700 2012 aubis
721 1957 860 2018 existimo,
877 1951 918 2019 qui

129 2041 179 2078 nos
200 2025 252 2077 suls
273 2026 365 2090 speria
402 2030 495 2080 tolcae
515 2034 607 2079 sectae
627 2027 776 2081 hortantur
797 2027 832 2081 sd
848 2025 918 2077 sitia.
965 2018 967 2031 “

129 2095 192 2146 Hoc
203 2095 274 2146 enim
286 2097 404 2151 iactant:
421 2097 533 2160 „solum
544 2098 695 2162 sapientem
708 2105 737 2150 ct
748 2096 871 2154 doctum,
881 2108 919 2145 ec

130 2179 161 2215 se
172 2170 334 2219 amatorem.
373 2164 413 2218 15.
431 2164 513 2219 Solus
524 2172 586 2233 apte
596 2165 631 2217 sd
643 2164 714 2217 lsanc
724 2172 825 2228 artem,
840 2175 921 2230 neque

130 2232 303 2284 combibendi
317 2242 345 2286 et
355 2234 529 2297 convivandi,
548 2236 660 2303 sapiens
670 2244 715 2290 cst
727 2234 920 2301 peritissimus.

130 2304 310 2365 Quaeramus,
322 2305 355 2354 ad
369 2319 447 2371 quam
460 2320 546 2373 usque
558 2311 676 2358 aetatem
688 2305 804 2358 iuvenes
815 2299 921 2356 ansodl

131 2372 212 2424 nint.“
241 2373 319 2426 Haec
330 2372 455 2427 Graecae
467 2372 658 2432 consuetudini
670 2373 738 2426 data
749 2375 820 2428 slot:
831 2387 881 2429 nos
891 2368 922 2421 sd

133 2442 180 2494 illa
191 2441 284 2510 potius
295 2458 376 2494 aures
388 2443 554 2512 dirigamus:
578 2443 666 2496 Nemo
683 2452 728 2496 est
743 2459 809 2499 esau
825 2444 922 2496 densus:

132 2511 264 2565 discenda
275 2514 363 2566 uirtus
375 2525 425 2567 est.
460 2513 596 2579 Voluptas
606 2511 718 2567 humilia
727 2527 774 2568 ras
786 2522 814 2566 ei
825 2510 924 2579 pusilis

131 2590 184 2644 est,
194 2588 223 2635 ot
234 2583 260 2634 in
274 2583 362 2635 medio
375 2582 503 2640 habenda
512 2584 616 2649 pretio,
627 2584 781 2638 communis
793 2598 854 2637 cum
867 2595 922 2632 mo·

132 2653 169 2703 tis
186 2650 364 2714 animalibus,
385 2655 419 2712 ad
436 2668 515 2720 quam
533 2652 644 2705 minimo
661 2659 690 2707 et
706 2653 923 2715 contentissime

132 2720 273 2772 adsolant.
310 2720 407 2775 Gloria
426 2736 526 2774 sanum
547 2729 575 2772 et
596 2721 709 2773 solatiis
728 2722 862 2788 quiddam
877 2725 922 2777 eti,

127 2805 257 2865 auraque
267 2791 411 2848 mobilius.
442 2790 791 2858 l‘aunartssuullimalum
804 2797 856 2853 stt,
875 2787 922 2840 nisi

121 2866 318 2940 repugnanti.
359 2864 403 2921 lo.
417 2859 751 2918 metamaucensium
767 2861 924 2920 adamans·
