1942 3420
128 116 179 170 182
412 111 633 164 SENECAE

126 241 178 290 est.
214 231 338 286 Prudens
358 247 468 296 versus,
492 233 594 284 bonum
617 237 672 284 est:
702 229 810 284 bouum
831 239 914 286 auten

126 320 207 359 omne
218 302 320 355 animal
333 310 388 354 est:
400 317 494 354 versus
504 317 572 371 ergo
582 300 685 353 animal
696 308 751 355 est.
788 303 894 370 ltaque,

219 371 537 440 Armooirumpuecaom

125 443 227 497 animal
239 449 295 495 est:
306 443 379 510 quod
391 455 444 492 non
451 438 722 507 possuntrotundum
732 439 918 509 dicere,quun

125 530 174 568 sex
186 511 271 579 pedes
284 509 394 564 habeat.
416 511 458 562 21.
470 509 643 573 Teutonum,
654 510 761 577 inquis,
770 518 860 563 totum
872 525 920 561 me·

125 583 238 635 hercule
253 581 329 635 istud
340 589 396 642 cst,
416 578 490 647 quod
502 581 708 650 quummaxime
722 581 827 650 agitur.
864 581 920 632 Dis·
954 592 955 596 ¹

124 653 188 705 silio
204 655 276 713 risu,
298 666 380 719 quum
392 647 461 700 mihi
473 665 597 716 propono
608 649 809 704 soloecismum
819 648 918 702 animal

127 738 203 783 esse,
214 730 243 773 et
253 721 469 779 barbarismum,
481 727 510 770 et
522 719 726 786 syllogismum,
736 730 766 772 et
776 728 856 787 aptas
866 720 917 770 illis

126 792 226 851 facies,
237 797 366 857 tanquam
379 791 480 855 pictor,
496 789 617 856 assigno.
654 789 735 842 Haec
745 790 918 857 disputamus,

126 860 255 912 attractis
265 857 431 926 superciliis,
441 855 533 909 ironte
543 857 658 925 rugosul
674 859 738 910 Non
750 875 862 927 possum
872 856 918 910 lioc
954 908 956 928 ,Ἰ

126 927 287 982 locodicere
298 926 575 980 illudcaecilianum:
589 923 720 979 Otristes
731 929 867 997 ineptias!
875 928 919 979 lii·

127 998 236 1051 diculae
248 1004 321 1047 sunt.
347 996 420 1059 Quin
430 996 525 1062 itaqua
538 1000 631 1064 potius
643 996 752 1064 aliquid
761 999 833 1053 utile
845 997 917 1049 nobis

126 1082 160 1119 ac
171 1067 293 1119 salutare
305 1072 465 1127 tractamus,
471 1068 662 1132 etquaerimus
672 1067 816 1134 quomodo
828 1067 861 1120 ad
871 1067 917 1118 uir·

127 1143 201 1189 tutes
213 1136 305 1189 venire
315 1136 462 1204 possimus,
470 1150 596 1202 quaenos
607 1136 643 1187 ad
656 1136 723 1188 illas
735 1139 784 1189 viu
795 1137 916 1190 adducat.

129 1209 170 1260 22.
183 1205 260 1259 Doce
271 1221 383 1269 me,non
394 1220 429 1257 en
440 1201 580 1256 fortitudo
592 1206 752 1259 animalsit:
763 1206 815 1259 sed
822 1207 916 1258 nullust

127 1275 230 1330 animal
241 1276 311 1327 felix
321 1290 381 1327 esse
391 1275 452 1327 sine
463 1273 637 1336 lortitudine,
649 1276 703 1327 nisi
714 1284 818 1329 contra
828 1275 917 1327 fortui-

126 1352 157 1398 ta
170 1345 324 1407 convaluit,
346 1351 374 1395 et
390 1358 485 1396 omnes
501 1359 580 1395 casus
603 1352 752 1412 antequam
776 1347 917 1413 exciperet,

127 1413 286 1466 meditando
298 1414 482 1480 praedomuit.
519 1413 593 1474 Quid
604 1421 648 1467 est
658 1415 820 1467 fortitudo!
838 1417 918 1468 illuni·

125 1491 247 1534 mentum
259 1482 391 1533 humanae
403 1480 604 1536 imbecillitatis
610 1484 841 1552 inexpugnabile:
852 1481 918 1554 quod

126 1554 171 1619 qui
182 1551 364 1604 circumdedit
375 1551 442 1613 sibi,
463 1566 576 1603 securus
587 1555 615 1603 in
626 1552 679 1605 hac
689 1558 764 1606 ritae
776 1555 917 1606 obsidione

125 1621 266 1689 perdurat.
301 1620 394 1673 Utitur
404 1622 474 1672 enim
486 1622 544 1672 suis
556 1623 670 1685 viribus,
681 1626 740 1674 suis
751 1624 828 1676 telis.
865 1626 920 1676 lloe

126 1691 259 1744 loronii
275 1691 417 1745 Posidonii
434 1693 523 1743 nostri
539 1694 706 1745 sententiam
724 1693 834 1746 referre
849 1695 920 1746 volnt

126 1761 188 1813 Non
204 1762 336 1830 estquod
352 1776 469 1828 unquam
487 1761 616 1813 fortunae
632 1764 718 1814 armis
730 1773 815 1828 putes
826 1769 919 1816 essets

126 1837 228 1882 tutum:
250 1831 306 1882 tuis
326 1845 417 1898 pugna
435 1839 532 1882 eontra
547 1830 649 1897 ipsam:
671 1831 794 1886 fortuita
808 1850 864 1887 nou
883 1848 920 1884 ar·
961 1856 962 1872 .

126 1907 212 1951 mant.
248 1899 290 1951 23.
308 1900 405 1967 ltaque
426 1899 636 1952 contrahentes
657 1901 808 1967 instructi,
829 1912 920 1956 contra

125 1969 211 2035 ipsam
227 1968 346 2021 inermes
362 1975 433 2020 sunt.
461 1969 624 2036 ¹Alexander
635 1972 746 2038 quidem
760 1972 877 2038 Persas,
896 1979 920 2025 et

126 2038 287 2104 llyrcanos,
307 2045 335 2090 et
351 2037 448 2100 lndos,
468 2046 496 2090 et
511 2040 643 2107 quidquid
658 2044 784 2108 gentium
796 2045 919 2111 usquein

126 2107 264 2159 Oceanum
276 2107 400 2160 extendit
410 2108 519 2171 Oriens,
530 2110 665 2173 vastabat,
677 2112 863 2181 lugebatque:
878 2111 919 2164 sed

125 2178 184 2245 ipse
196 2176 277 2228 modo
289 2176 381 2230 occiso
392 2178 492 2241 amico,
504 2179 586 2231 modo
596 2180 710 2244 anrisso,
722 2183 838 2235 iacebat
849 2183 876 2234 in
886 2192 919 2234 te·
965 2189 969 2192 ’

125 2247 227 2309 nebris,
236 2247 307 2299 alias
318 2247 417 2312 scelus,
427 2247 498 2299 alias
509 2247 675 2302 desiderium
688 2266 771 2303 suum
785 2267 920 2313 moerens3
969 2273 970 2287 ¹

124 2317 217 2369 victor
227 2323 270 2369 tot
280 2332 375 2386 regum
386 2324 468 2386 atque
481 2321 719 2384 populorum,irae
731 2324 919 2390 tristitiaeque
952 2329 954 2335 '

125 2387 277 2439 succubuit.
314 2385 345 2438 ld
359 2389 431 2439 enim
445 2395 548 2454 egerat,
559 2389 691 2441 utomnia
704 2392 799 2457 potius
810 2391 919 2444 liaberet

124 2457 152 2506 in
164 2459 314 2523 potestate,
325 2472 406 2524 quam
417 2456 542 2509 allectus.
570 2459 612 2511 24.
624 2462 646 2510 0
659 2475 743 2526 quam
757 2467 868 2530 magnis
879 2461 919 2514 lio·

123 2524 212 2589 mines
223 2526 364 2578 erroribus
377 2534 519 2590 tenentur,
541 2529 649 2595 quitos
664 2529 832 2584 dominandi
847 2541 917 2584 trans

123 2594 212 2646 muria
227 2595 342 2661 cupiunt
359 2597 533 2662 permittere:
556 2597 794 2666 lelicissinrosque
811 2618 842 2654 se
856 2600 918 2653 iudi

119 2669 201 2731 eant,
223 2664 247 2718 si
264 2664 368 2719 multas
383 2681 431 2735 per
447 2666 550 2719 milites
561 2669 719 2734 provincias
731 2671 876 2733 obtinent,
894 2674 917 2719 et
967 2695 968 2699 κ
