1838 3456
190 545 243 599 216
479 539 701 592 SENECAE

190 681 271 735 quam
294 663 449 715 honesturn.
495 662 573 713 Haec
594 660 720 729 quamvis
740 662 825 712 latius
846 675 915 713 exse

191 751 279 789 esseni
293 733 384 799 priore
396 730 523 797 epistola,
534 731 697 791 constrinxi,
711 735 740 781 et
750 731 876 781 breviter
888 746 915 796 pt

192 806 226 857 ri.
263 803 408 868 Nunquam
421 807 511 852 autem
524 814 590 850 rera
602 799 653 850 tibi
665 798 762 864 opinio
775 799 841 849 talis
850 799 915 849 ride

190 874 244 924 nisi
265 875 386 923 animum
408 868 511 921 alleves
533 874 560 919 et
580 868 699 934 teipsum
716 869 890 934 interroges:
911 885 915 917 ε

191 942 325 1008 exegerit,
337 949 368 990 ut
380 953 430 1004 pro
444 938 537 1004 patria
547 937 684 997 moriaris,
704 942 734 987 et
744 937 865 987 salutem
877 951 915 987 orn

191 1012 294 1063 oiviunr
314 1016 363 1060 tua
384 1008 512 1068 redimas,
534 1021 569 1057 an
590 1010 769 1072 porrecturus
791 1006 831 1057 sis
853 1021 915 1057 cerr

191 1096 246 1131 non
259 1087 366 1131 tantum
378 1077 527 1142 patienter,
540 1075 590 1126 sed
602 1075 687 1126 etiam
698 1074 838 1127 libenter}
856 1074 887 1126 Si
898 1074 914 1124 h

192 1157 287 1201 oturus
297 1163 335 1208 es,
347 1145 451 1196 nullum
464 1144 537 1196 aliud
550 1145 652 1195 bonum
667 1151 719 1195 est.
743 1145 847 1196 Ouinia
857 1145 915 1196 relir

192 1229 223 1270 ut
235 1218 287 1269 hoc
298 1215 409 1267 habeus.
438 1215 480 1264 21.
492 1213 575 1274 Vide,
585 1219 689 1280 quanta
698 1213 741 1263 vis
753 1211 869 1265 honesti
880 1215 915 1265 sit

192 1286 336 1353 republica
349 1283 486 1342 morieris,
505 1283 614 1334 etiamsi
626 1296 679 1332 non
692 1282 789 1333 statim
807 1282 915 1334 facturn

192 1357 257 1416 eris,
269 1367 350 1420 quum
363 1351 460 1402 scieris
470 1351 520 1401 tibi
533 1366 594 1402 esse
605 1350 771 1404 faciendum.
809 1352 916 1405 interdu

192 1440 223 1475 re
241 1421 426 1489 pulcherrima
453 1434 583 1486 magnum
609 1420 741 1489 gaudium
764 1421 850 1473 etiam
873 1429 915 1474 ten

192 1494 317 1545 breniae
332 1490 434 1556 exiguo
451 1490 569 1556 capitur:
593 1497 621 1541 et
635 1492 762 1557 quamvis
779 1489 887 1541 fruetus
907 1507 915 1540 t

191 1562 299 1629 peracti
317 1559 410 1611 nulius
426 1560 461 1611 ad
478 1558 637 1611 defunctum
649 1567 847 1627 exenrtomque
859 1561 915 1611 nebi

192 1634 282 1683 manis
293 1630 441 1698 pertineat,
451 1630 512 1694 ipsa
524 1635 617 1689 tamen
627 1629 828 1695 contemplatio
840 1629 915 1680 futur

121 1698 123 1702 ⁴
191 1705 230 1752 ris
243 1702 331 1751 iuvat:
353 1704 381 1750 et
395 1698 439 1748 vir
454 1696 536 1748 fortis
552 1704 581 1748 et
596 1698 700 1758 iustus,
722 1713 805 1764 quum
821 1699 915 1750 mortis

193 1771 283 1837 pretia
301 1776 366 1818 ante
380 1782 410 1818 se
428 1767 535 1832 posuit,
556 1767 713 1818 libertatem
736 1768 860 1834 patriae,
881 1767 915 1817 aa*

193 1837 314 1890 oninium
328 1850 377 1902 pro
387 1836 486 1902 quibus
498 1834 630 1901 dependit
642 1836 772 1897 animant,
795 1840 823 1889 in
836 1853 915 1891 sumn

192 1909 299 1973 iuptnte
311 1913 363 1965 est,
375 1911 403 1954 et
415 1904 540 1969 periculo
551 1919 603 1956 suo
615 1905 726 1956 fruitur.
746 1907 789 1958 22.
802 1907 857 1960 Sed
870 1910 915 1960 ille

193 1991 254 2043 que,
277 1974 320 2025 cui
332 1975 417 2025 etiarn
429 1973 481 2025 hoc
492 1974 624 2042 gaudium
638 1976 765 2041 eripitur,
777 1977 854 2044 quod
866 1987 915 2029 tra<

193 2045 285 2114 operis
296 2044 445 2095 maximum
457 2050 485 2096 et
496 2044 622 2095 ultimum
634 2052 765 2110 praestat,
778 2047 849 2098 nihil
858 2065 915 2098 cun<

194 2114 305 2168 desiliet
325 2114 352 2165 in
370 2119 498 2175 mortem,
521 2113 613 2164 facere
633 2122 709 2165 recte
725 2115 826 2183 pieque
843 2126 915 2170 contr

194 2187 309 2251 Oppone
331 2183 415 2235 etiam
437 2198 510 2235 nunc
528 2183 573 2234 illi
595 2183 697 2245 multa,
718 2199 789 2251 quae
810 2185 915 2238 dehoro

186 2253 258 2305 Dic:
283 2253 398 2304 Factum
411 2258 488 2303 tuum
501 2259 610 2305 matura
622 2261 753 2319 sequetur
769 2255 889 2316 oblivio,
911 2273 915 2303 r

193 2337 256 2373 rum
278 2330 359 2387 gnata
380 2323 552 2373 existimatio
575 2323 683 2373 civium.
726 2324 915 2392 Respondebit

194 2392 252 2441 ista
263 2391 357 2439 omnia
367 2395 447 2440 extra
459 2405 527 2455 opus
539 2406 629 2442 meum
642 2398 714 2443 sunt.
751 2392 812 2460 Ego
831 2395 915 2461 ipsun

194 2457 329 2522 tenrplor:
339 2455 392 2507 hoo
403 2473 463 2509 esse
474 2457 621 2510 honesturn
634 2462 700 2511 seio.
727 2462 823 2528 itaque
836 2478 915 2530 quoer

195 2528 270 2579 ducit
280 2542 312 2577 ac
322 2532 405 2576 vocat
412 2561 420 2587 ,
441 2528 531 2578 renio.
570 2529 631 2579 Hoc
647 2544 714 2596 ergo
730 2545 815 2582 unum
831 2533 915 2584 bonur

196 2596 271 2666 quod
290 2612 344 2648 uon
361 2601 468 2646 tantum
486 2594 626 2661 perfectus
642 2602 763 2662 animus,
783 2600 834 2653 sed
851 2616 915 2668 gene

196 2681 304 2735 quoque
325 2672 352 2718 et
375 2665 476 2716 indolis
490 2664 581 2716 bonae
597 2669 696 2719 sentit:
721 2677 818 2723 cetera
840 2672 915 2723 ieria

195 2736 351 2789 mutabitis.
387 2732 428 2786 23.
450 2735 547 2801 itaque
558 2734 669 2787 solicite
682 2740 872 2804 possidentur,
893 2749 915 2792 et

195 2805 307 2857 favente
318 2804 431 2856 fortuna
440 2804 469 2855 in
482 2819 565 2855 unum
576 2813 710 2873 congesta
720 2815 798 2860 sunt:
811 2808 915 2861 domini

196 2876 355 2926 incumbunt
366 2873 473 2940 gravia,
491 2880 520 2926 et
530 2873 595 2924 iilos
606 2889 715 2942 sernper
726 2885 865 2945 premunt,
877 2878 915 2929 ali

197 2945 233 2995 do
244 2952 273 2998 et
285 2942 400 2995 elidunt.
428 2943 517 2995 Nemo
530 2960 562 2996 ex
574 2943 644 3005 istis,
657 2961 724 3013 quos
735 2955 905 3014 purpuratos

196 3011 264 3063 felix
277 3022 334 3074 est,
354 3028 408 3063 non
420 3014 523 3080 magis,
535 3027 617 3080 qoam
629 3029 662 3066 ex
674 3015 737 3075 iilis,
748 3017 849 3082 quibus
861 3030 915 3081 scer

190 3089 220 3133 et
241 3079 420 3149 chlamydem
443 3085 472 3135 in
492 3097 578 3134 seena
595 3081 709 3135 inbutae
724 3087 877 3151 assignant.
911 3090 915 3129 t

176 3161 338 3217 praesente
366 3155 481 3224 populo
502 3152 575 3206 eiati
591 3151 774 3203 incesserunt
791 3159 822 3200 et
844 3151 915 3199 entur
