1964 3434
142 116 193 172 122
430 111 650 168 SENECAE

139 237 199 290 diss
210 233 331 297 trahant,
347 240 379 286 ut
389 235 525 289 mirentur
535 232 639 301 aliquid
649 249 680 286 se
689 234 832 296 amittere,
852 232 929 286 anis

139 307 260 357 suriunt)
273 303 318 355 die
329 306 431 358 otnnnin.
466 301 606 373 Quidquid
618 311 674 366 est,
694 307 736 355 cui
751 302 883 355 dominus
894 306 930 356 in·

138 375 277 434 scriberis,
289 377 359 441 apud
372 383 399 425 te
412 381 462 437 est,
473 382 549 426 tuum
561 390 614 424 nun
627 382 681 427 est:
694 371 763 424 nihil
775 375 885 426 lirnium
897 377 931 426 in·

139 445 228 507 firmo,
247 442 315 495 nihil
326 442 422 511 fragili
434 451 575 496 aeternum
587 451 614 495 et
625 442 759 494 invictum
773 449 825 495 est.
864 444 931 494 Tam

139 528 250 566 necessa
261 522 303 565 est
313 515 404 580 perire
416 528 498 581 quam
509 511 634 580 perdere.
670 511 708 562 Et
720 510 772 564 hue
782 515 887 580 ipsum,
908 512 933 564 si

137 583 336 649 intelligimus,
355 583 484 636 solatium
507 589 563 645 est,
584 597 673 648 aequo
694 580 786 633 animo
807 580 932 647 perdere,

138 652 211 721 quud
233 651 399 720 pereundum
421 660 472 705 est.
510 651 547 702 ll.
566 649 639 714 Quid
656 665 723 719 ergo
736 650 869 702 adversus
881 648 932 704 has

137 723 300 774 amissiones
311 722 408 773 auxilii
421 720 607 772 inveniemusl
623 721 694 781 Huc,
706 727 736 771 ut
749 720 881 774 nuemunia
891 727 932 772 te·

138 807 250 844 neansus
261 793 374 853 amissa,
396 806 446 842 nec
458 806 517 841 cuni
530 789 598 858 ipsis
610 789 730 841 fructum
742 788 871 841 excidere
880 803 929 856 pn·

136 858 928 997 illlzll‘ifftnl¹⁵'lzsstsgllti:·0l²linl¹lll'·

266 966 274 991 s
423 966 430 980 ·
689 965 697 992 t
918 955 926 967 ‘

134 999 212 1061 terit,
228 1012 279 1064 pro
288 1006 400 1064 accepto
412 993 479 1049 nihil
490 997 581 1052 debet.
616 998 682 1049 Rem
695 998 776 1050 nubis
787 1000 872 1065 eripit
882 1014 926 1050 ea·

133 1082 189 1130 sus,
201 1083 279 1119 usum
293 1067 465 1135 fructumque
476 1067 547 1135 apud
560 1082 609 1119 nos
620 1067 769 1133 relinquit:
785 1083 867 1135 quem
880 1082 928 1120 uus

133 1137 279 1205 iniquitute
291 1136 421 1190 desiderii
433 1137 580 1204 perdimus.
616 1137 657 1188 12.
676 1136 729 1188 Die
739 1136 802 1200 tibi,
813 1137 856 1189 lix
865 1138 926 1189 istis

134 1221 206 1274 quae
216 1206 354 1260 terribilia
364 1207 498 1269 videntur,
510 1206 577 1258 nihil
589 1214 632 1258 est
642 1206 783 1258 inuictum.
813 1206 926 1276 Singula

134 1277 225 1329 uiuere
240 1278 295 1328 iam
311 1277 405 1328 multi:
426 1276 516 1345 ignem
529 1275 652 1336 Mucius,
671 1290 779 1329 cruceni
795 1274 924 1346 Regulus,

133 1361 265 1398 venenum
278 1348 414 1409 Socrates,
436 1344 563 1397 exsilium
577 1344 702 1407 Rutilius,
721 1352 842 1399 muntem
854 1346 923 1399 ferra

133 1414 259 1466 adactam
281 1416 364 1467 cato:
388 1422 416 1467 et
437 1429 487 1467 nus
508 1417 650 1467 vincamus
670 1413 785 1482 aliquid.
823 1416 924 1468 Rursus

132 1484 200 1544 ista,
221 1499 290 1550 quae
305 1491 336 1535 ut
349 1483 474 1551 speciosa
489 1490 517 1536 et
533 1482 628 1538 felicia
638 1481 891 1554 trahuntvulgunn‚
909 1498 925 1536 a

132 1553 227 1604 nsultis
245 1559 273 1604 et
288 1568 371 1619 saepe
387 1559 527 1605 contemta
543 1559 615 1606 sunt.
648 1553 796 1606 Fabricius
816 1556 923 1607 divitias

132 1623 283 1689 imperator
294 1624 399 1685 reiecit,
411 1624 635 1676 censurnutavit:
663 1620 705 1675 13.
729 1625 844 1677 Tubero
862 1639 923 1692 pau·

132 1701 266 1760 pertatem
279 1700 307 1745 et
319 1708 348 1745 se
359 1695 469 1760 dignam
482 1701 509 1746 et
519 1693 656 1760 Capitulio
671 1691 821 1756 iudicavit,
844 1709 921 1762 quum

131 1763 261 1815 fictilibus
271 1763 299 1813 in
311 1763 419 1829 publicu
429 1779 599 1824 coenamus,
619 1761 749 1825 ostendit,
771 1762 873 1816 debere
884 1762 922 1814 his

132 1829 270 1885 huntinenn
283 1848 343 1885 esse
353 1840 520 1897 contentum,
542 1832 639 1898 quibus
649 1831 687 1882 dii
698 1834 859 1885 etiamnunc
868 1842 922 1885 ute·

131 1908 236 1952 rentur.
272 1902 399 1954 Honores
411 1902 512 1969 repulit
524 1909 604 1968 pater
614 1899 740 1965 Sextius,
763 1906 810 1969 qui
828 1905 868 1955 ita
879 1917 921 1954 na·

130 1977 190 2029 tus,
210 1975 241 2018 ut
251 1970 446 2035 rempublicam
463 1971 575 2023 deberet
590 1986 745 2038 capessere,
767 1972 854 2024 latum
871 1973 921 2024 cla·

130 2054 193 2090 sum
207 2037 345 2090 ‹livululiu
357 2039 448 2102 dante,
460 2056 513 2091 non
524 2041 637 2107 recepit.
654 2040 832 2109 intelligebat
843 2042 922 2102 enini,

131 2106 203 2175 quiid
215 2106 273 2158 (luni
286 2115 389 2176 posset,
399 2116 426 2162 et
438 2110 507 2176 eripi
519 2125 606 2177 posse.
625 2109 683 2162 Nos
695 2125 806 2178 quoque
817 2109 920 2180 aliquid

130 2185 159 2231 et
169 2178 221 2244 ipsi
232 2175 366 2228 iaciamus
374 2179 511 2231 animose:
529 2178 614 2231 simus
626 2181 698 2231 inter
707 2181 847 2247 exempla
884 2181 920 2234 lt

130 2249 221 2310 Quare
232 2247 390 2300 deficimusl
423 2263 488 2301 uare
500 2247 693 2317 desperamusl
710 2250 847 2319 quidquid
863 2249 921 2304 lieri

129 2318 233 2384 putuit,
252 2324 354 2383 potest.
417 2333 449 2370 us
464 2317 545 2371 modo
562 2334 707 2387 purgemus
724 2321 862 2385 animum,
880 2334 920 2371 se·

128 2387 919 2524 iiillililtilllnillt:lssitxiil⁹³⁰t.ill·

366 2495 374 2522 ‚
743 2496 750 2511 ,
910 2486 921 2500 .

127 2526 197 2576 verti
213 2527 242 2578 in
253 2529 340 2590 siam,
359 2528 425 2583 licet
435 2529 463 2580 in
475 2530 609 2597 integrum
622 2528 741 2580 restitui.
779 2531 918 2582 Restitua-

125 2607 194 2660 πων,
217 2602 247 2647 ul
258 2599 394 2664 possimus
406 2598 529 2660 dolores,
550 2613 711 2665 quocunque
723 2598 806 2651 modo
819 2613 919 2666 eorpus

115 2664 286 2739 invaserint,
305 2669 451 2742 perierit,
467 2675 498 2726 et
509 2667 639 2723 luituuae
653 2668 757 2724 licere:
781 2669 917 2723 eumvirn
969 2705 975 2793 1
