1838 3456
283 477 572 530 lil'lS'l'OLAE.
609 479 651 532 to.
820 479 873 534 215

24 631 30 658 r
60 620 135 674 quae
146 617 206 656 non
218 617 255 655 ex
266 604 380 669 impetu,
401 618 451 654 nec
461 603 570 667 subito,
592 602 641 656 sed
655 603 813 671 aequaliter
823 620 871 655 ra-

33 676 37 737 J
63 672 117 737 let3
137 675 185 726 cui
200 677 363 739 perpetuum
375 672 529 724 robur-esti
549 670 692 740 Sequitur,
714 681 825 741 atquae
837 674 872 726 ab

65 742 235 795 inconsultis
245 755 328 806 saepe
339 746 567 804 contemnuntur,
588 756 605 792 a
616 741 787 806 sapientibus
798 757 870 794 sem-

67 827 124 879 per,
135 826 171 863 ea
183 824 236 862 neo
244 810 319 861 bona
328 812 391 872 sint,
405 825 456 861 nec
467 809 551 862 mala.
587 808 679 860 Vnum
691 825 759 879 ergo
768 811 871 863 bonum

15 914 38 945 ·;
67 885 124 947 ipsa
145 879 242 930 virtus
262 885 314 941 eat,
334 891 404 944 quae
424 878 500 931 inter
511 877 582 931 hano
593 877 734 931 fortunam
753 887 782 931 et
792 881 871 932 illam

67 949 188 1016 superba
208 947 324 1009 incedit,
345 962 407 999 cum
427 962 527 1016 magno
548 947 696 1014 utriusque
718 955 872 1001 contemtu.

67 1015 106 1068 tn.
116 1016 148 1069 Si
160 1015 235 1068 banc
247 1016 404 1082 opinionem
416 1016 564 1084 receperis,
575 1016 681 1083 aliquid
693 1015 797 1068 bonum
810 1032 872 1070 esse

11 1140 14 1144 ,
67 1095 180 1152 praeter
192 1084 351 1146 honestum,
361 1085 438 1136 nulla
448 1101 502 1137 non
513 1085 602 1136 virtus
612 1085 764 1137 laborabit.
787 1085 873 1138 Nulla

9 1183 13 1186 ·
67 1157 137 1206 enim
151 1154 276 1208 obtineri
288 1157 400 1222 poterit,
411 1155 434 1205 si
446 1154 594 1223 quidquam
606 1162 688 1208 extra
698 1171 728 1208 se
741 1169 871 1222 respexe-

65 1228 108 1275 rit.
147 1222 231 1286 Quod
246 1224 271 1272 si
283 1229 335 1284 est,
356 1223 460 1276 rationi
470 1231 614 1292 repugnat,
637 1239 672 1276 ex
684 1239 740 1293 qua
751 1224 872 1277 virtutes

22 1295 23 1298 ’
64 1300 142 1356 mnt3
166 1291 329 1353 ementati,
351 1306 421 1357 quae
431 1292 490 1345 sine
502 1294 612 1346 ratione
622 1309 677 1346 non
694 1301 746 1346 est.
783 1295 873 1356 Quae·

67 1375 176 1427 cunque
199 1366 295 1412 autem
315 1361 411 1425 opinio
430 1362 542 1414 veritati
563 1369 708 1431 repugnat,
726 1363 802 1416 falsa
820 1369 872 1416 est.

12 1461 13 1465 =
64 1428 162 1481 Virum
174 1430 294 1489 bonum,
315 1429 452 1482 concedas
470 1446 582 1483 necesse
598 1437 654 1492 est,
676 1447 802 1484 summae
816 1435 873 1498 pie·

64 1500 132 1550 tatis
154 1512 224 1566 erga
239 1498 308 1550 deos
325 1512 401 1550 esse:
422 1499 516 1565 itaque
527 1498 660 1565 quidquid
672 1500 715 1551 illi
727 1501 873 1563 acciderit,

1 1606 3 1624 ;
64 1581 155 1635 nequo
182 1567 279 1618 animo
302 1567 460 1619 sustinebit.
501 1567 578 1621 Sciet
600 1568 673 1619 enim
690 1568 718 1619 id
738 1569 874 1621 accidisse

1 1654 2 1661 2
63 1636 242 1705 legadirinn,
255 1650 310 1704 qua
321 1636 452 1688 universa
461 1636 624 1703 procedunt.
646 1636 775 1700 18.Qnod
785 1640 808 1690 si
821 1646 873 1700 est,

63 1722 148 1759 unam
161 1705 323 1756 illibanum
336 1707 403 1768 erit,
423 1705 497 1773 quod
514 1705 674 1758 honestum:
697 1708 725 1758 io
738 1707 790 1759 boc
801 1708 872 1759 enim

62 1775 188 1842 positum
200 1782 246 1826 cst
256 1780 285 1825 et
296 1788 393 1840 parere
405 1775 474 1838 diis,
495 1791 547 1828 nec
558 1774 762 1830 excandescere
773 1777 809 1829 ad
826 1793 872 1828 su·

62 1844 132 1907 bita,
143 1861 197 1895 nec
207 1841 356 1909 deplorare
367 1852 470 1897 sortem
481 1860 570 1910 suam,
586 1845 634 1897 sed
648 1846 789 1912 patienter
800 1849 874 1901 exci-

63 1928 129 1981 pere
141 1913 242 1974 latum,
253 1918 283 1965 et
294 1910 388 1965 facere
399 1913 543 1980 imperata.
567 1916 595 1967 Si
608 1915 682 1968 enim
694 1916 782 1967 ullum
796 1915 873 1968 aliud

62 1988 107 2034 est
129 1984 236 2034 bonum
256 1996 339 2047 quam
362 1980 520 2045 honestum,
539 1991 672 2050 sequetur
686 2000 736 2036 uos
752 1984 873 2040 aviditas

63 2056 146 2114 vitae,
167 2050 294 2102 aviditas
307 2066 399 2102 rerum
412 2053 499 2103 vitam
511 2052 724 2104 instruentium:
746 2053 818 2118 quod
831 2057 874 2104 cst

62 2120 254 2185 intolerabile,
269 2120 417 2184 inlinitum,
437 2134 547 2188 vagum.
584 2120 681 2172 Solum
693 2136 723 2174 er
744 2121 872 2172 obonum

64 2188 285 2253 estbonestum,
305 2190 349 2241 cui
367 2189 531 2243 modusest.
569 2189 713 2251 Diximus,
752 2192 873 2242 ominum

63 2258 189 2313 futuram
202 2258 358 2312 feliciorem
369 2262 456 2313 eitam
472 2273 553 2327 quam
570 2258 700 2323 deorum,
721 2260 746 2311 si
757 2275 790 2312 ea
800 2258 874 2311 bona

63 2337 137 2393 sunt,
161 2343 283 2399 qnorum
295 2329 388 2381 nullus
400 2328 453 2380 diis
465 2344 531 2380 usus
543 2334 595 2391 est,
614 2334 745 2396 tanquam
757 2329 873 2397 pecunia

61 2408 89 2450 et
100 2397 234 2452 honores.
271 2398 315 2449 19.
335 2399 432 2451 Adiice
443 2413 525 2462 nuno,
547 2398 751 2467 quadrimoda
763 2399 872 2452 solutae

61 2468 231 2535 corporibus
253 2467 364 2521 animae
385 2474 505 2530 manent,
527 2466 638 2522 felicior
653 2464 711 2521 illis
726 2476 818 2521 status
830 2483 873 2521 re-

61 2544 134 2600 stat,
158 2552 243 2605 quam
256 2543 300 2589 est
311 2535 375 2588 dum
392 2543 537 2591 versantur
548 2538 578 2588 in
590 2552 718 2604 corpore.
753 2538 837 2604 Atqui
849 2537 873 2588 si

60 2607 115 2661 ista
124 2607 202 2659 bona
213 2610 280 2658 sunt
286 2639 294 2668 ,
316 2606 414 2672 quibus
430 2621 481 2672 per
492 2621 612 2674 corpora
626 2607 743 2669 utimur,
765 2606 872 2657 emissis

61 2677 115 2728 crit
127 2676 226 2744 peius:
246 2673 319 2742 quod
334 2683 433 2728 contra
444 2675 526 2728 fidam
539 2682 596 2738 est,
616 2674 758 2727 feliciores
769 2689 829 2726 essa
840 2675 873 2725 li·

59 2744 136 2798 beris
147 2751 177 2796 et
189 2745 219 2796 in
233 2747 391 2796 universum
403 2746 486 2808 datis,
499 2745 610 2797 clausas
617 2744 788 2796 etobsessss.
801 2743 872 2794 lllud

59 2828 114 2882 qno
136 2831 173 2866 ue
195 2812 336 2873 dixeram,
357 2814 383 2865 si
395 2815 469 2867 bona
483 2821 548 2864 sunt
563 2827 597 2865 ea
614 2827 685 2878 quae
696 2818 752 2863 tnm
766 2811 872 2863 bomini

60 2888 229 2951 contingunt
240 2896 321 2948 quam
336 2884 421 2933 mutis
433 2881 616 2943 animalibus3
637 2887 667 2933 et
679 2886 756 2934 muta
767 2881 871 2933 anima·

59 2950 98 3005 tia
108 2954 225 3006 beatam
237 2953 323 3002 vitam
335 2957 446 3003 actura:
466 2951 540 3015 quod
556 2950 617 3002 fleri
632 2949 709 3002 nullo
725 2951 807 3003 modo
824 2965 872 3017 po·

58 3026 124 3074 best.
161 3022 206 3072 20.
225 3020 325 3071 Omnia
345 3034 396 3086 pro
411 3017 529 3071 honesto
546 3020 679 3086 patienda
698 3026 775 3071 sunt:
797 3019 870 3089 quod

57 3104 113 3143 aon
135 3096 202 3142 erat
218 3087 393 3150 metendum,
415 3091 440 3141 si
462 3096 540 3148 esset
562 3090 655 3146 ullum
675 3089 758 3147 allud
772 3091 888 3147 banaia
