1942 3420
256 578 540 633 EPlS'l'OLAE.
576 581 632 634 117.
801 582 848 638 197

59 697 198 750 rideatur:
224 707 280 752 tum
303 701 394 753 dicere
414 703 580 752 sententiam
601 704 716 756 audebo.
752 703 849 756 Placet

59 769 171 830 nostris,
182 770 253 836 quod
265 771 364 821 bonum
376 776 425 831 est,
438 787 497 822 ease
509 786 620 837 corpus:
643 774 706 840 quia
717 774 790 838 quod
802 775 850 826 bo·

56 853 120 888 num
133 847 182 900 est,
193 839 274 891 lacit:
297 839 428 908 quidquid
440 839 517 900 lacit,
529 854 628 906 corpus
639 849 690 893 est.
725 844 750 891 2.
768 842 849 906 Quod

10 958 12 964 ,
58 907 158 958 bonum
172 916 223 971 est,
235 909 359 974 prodest:
373 910 458 960 iaciat
468 916 558 962 autem
569 909 674 976 aliquid
688 919 804 975 oportet,
816 920 848 963 ut

7 989 9 1008 l
55 978 158 1042 prosit:
173 979 198 1028 si
209 976 286 1040 iacit,
298 993 397 1045 corpus
408 986 458 1030 cst.
495 978 664 1046 Sapientiam
676 979 776 1030 bonum
788 997 848 1034 essa

55 1045 163 1097 dicunt:
184 1048 320 1114 sequitur,
339 1055 370 1100 ut
389 1064 502 1101 necesse
519 1050 555 1100 sit
577 1049 654 1100 illam
674 1050 847 1115 corporalem

56 1130 167 1182 quoque
185 1117 285 1171 dicere.
321 1121 357 1170 at
365 1133 464 1185 sapere
476 1134 528 1169 non
540 1125 637 1185 putant
649 1118 770 1169 eiusdem
784 1132 847 1169 con·

56 1186 172 1235 ditionis
185 1202 252 1238 esse.
289 1185 465 1254 incorporale
478 1195 559 1240 estet
570 1188 698 1239 accidens
710 1187 803 1247 alteri,
820 1186 847 1236 id

55 1260 113 1315 est,
125 1258 291 1319 sapientiae:
313 1258 407 1324 itaque
418 1273 468 1309 nec
478 1257 546 1309 facit
557 1257 713 1324 quidquam,
725 1272 775 1308 nec
786 1272 849 1323 pro·

55 1323 126 1375 dest.
162 1326 233 1388 Quid
251 1327 334 1393 ergo!
361 1329 498 1394 inquiunt:
519 1343 573 1378 nnn
590 1328 721 1388 dicimus,
742 1328 848 1377 Bonum

54 1399 100 1444 est
111 1407 221 1460 sapere:
243 1410 340 1461 sapere
352 1396 476 1460 dicimus,
497 1397 649 1449 referentes
660 1397 695 1448 ad
708 1397 735 1447 id
748 1412 781 1448 cx
794 1410 848 1461 quo

55 1463 173 1530 pendet,
191 1464 292 1526 idest,
314 1465 347 1515 ad
360 1465 448 1531 ipsam
460 1467 632 1531 sapientiam.
668 1468 693 1518 ³.
711 1466 848 1517 adversus

54 1531 109 1584 hos
121 1533 187 1597 quid
197 1535 231 1585 ab
244 1534 305 1583 aliia
318 1533 527 1600 respondeatur,
543 1535 619 1596 audi,
636 1541 782 1600 antequam
795 1549 848 1600 ego

53 1601 160 1666 incipio
178 1601 322 1662 secedere,
344 1610 372 1653 et
387 1603 414 1653 in
433 1603 489 1653 alia
504 1611 581 1670 parte
605 1602 757 1654 considere.
792 1605 850 1653 lato

54 1670 151 1730 modo,
160 1671 296 1737 inquiunt,
307 1687 356 1722 nec
367 1672 446 1725 beate
457 1673 550 1724 vivere
560 1675 661 1725 bonum
675 1680 725 1723 est.
754 1670 851 1723 Velini

52 1739 155 1801 nolint,
163 1740 383 1808 respondendum
396 1743 560 1803 est‚beatam
572 1742 655 1792 vitam
667 1742 768 1792 bonum
781 1756 852 1803 esse,

53 1815 84 1861 et
96 1808 178 1861 beate
188 1814 281 1862 vivere
292 1810 392 1860 bonum
405 1828 457 1863 non
470 1828 539 1863 esse.
568 1812 731 1864 Etiamnunc
741 1824 850 1879 quoque

53 1878 159 1930 nostris
177 1878 245 1931 illud
262 1884 417 1950 opponitur.
453 1881 544 1934 Vultis
559 1879 672 1949 saperet
692 1895 757 1948 ergo
769 1895 849 1947 expe·

53 1947 141 2000 tenda
151 1963 195 1998 res
205 1957 260 2011 est,
280 1965 387 2017 sapere:
409 1951 432 2001 si
443 1951 596 2016 expetenda
608 1967 652 2002 res
669 1958 725 2013 est,
747 1953 847 2002 bonum

54 2024 108 2070 est.
143 2017 169 2068 4.
188 2020 333 2086 Coguntur
347 2021 435 2070 nostri
452 2022 536 2071 rerba
552 2027 697 2086 torquere,
718 2027 746 2071 et
766 2035 847 2070 unam

55 2087 193 2156 syllabam
205 2090 360 2155 expetendo
373 2091 644 2157 interponere,quam
656 2096 849 2140 sermonoster

53 2157 141 2208 inseri
152 2174 205 2209 non
223 2159 297 2209 sinit.
332 2160 392 2226 Ego
408 2159 494 2219 illam,
514 2159 539 2208 si
555 2159 667 2224 pateris,
689 2159 848 2223 adiungam.

52 2227 246 2293 Expetendum
259 2235 308 2284 est.
318 2229 460 2294 inquiunt,
472 2228 543 2295 quod
555 2228 654 2279 bonum
668 2233 721 2279 ast:
744 2229 848 2292 expeti·

53 2296 112 2348 bile
127 2297 200 2363 quod
216 2297 293 2350 nobis
308 2299 457 2366 contingit:
480 2311 563 2417 quum
584 2299 683 2349 bonum
707 2295 846 2347 consecuti

55 2380 157 2428 sumus,
169 2382 221 2417 non
234 2370 338 2433 petitur
348 2377 478 2435 tanquam
508 2381 604 2429 ouum,
615 2366 661 2418 sed
674 2367 761 2433 petito
774 2368 846 2417 bono

55 2436 172 2487 accedit.
209 2437 269 2504 Ego
281 2453 334 2488 non
345 2439 417 2490 ldem
429 2440 533 2498 sentio,
554 2443 582 2489 et
593 2443 704 2488 nostros
715 2436 805 2487 iudico
818 2436 846 2486 in

7 2533 8 2542 κ
56 2504 108 2557 hoc
118 2505 299 2567 descendere,
309 2508 374 2574 quia
384 2510 437 2558 iam
450 2506 538 2574 primo
550 2507 659 2557 vinculo
671 2513 807 2565 tenentur,
820 2511 848 2555 et

7 2598 8 2601 ¹
56 2582 164 2626 motare
185 2575 403 2628 illislormulam
421 2575 565 2627 nonlicet.
602 2575 626 2626 5.
644 2575 763 2626 Multum
782 2574 848 2623 dare

56 2645 176 2697 solemus
188 2647 383 2712 praesumtioni
396 2647 515 2698 omnium
527 2643 677 2695 hominum.
710 2642 786 2710 Apud
799 2656 848 2691 rios

14 607 33 676 i·

12 2754 13 2762 2
55 2716 185 2767 veritatis
201 2724 391 2782 argumentum
410 2723 467 2777 est,
489 2713 591 2780 aliquid
608 2713 732 2762 omnibus
747 2710 836 2761 rideri

57 2788 184 2852 tanquam
202 2784 269 2835 deos
285 2799 358 2847 esse,
379 2786 452 2836 inter
468 2784 523 2835 alia
534 2787 574 2833 sic
584 2781 755 2849 colligimus,
777 2779 849 2845 quod

10 2884 12 2887 .
56 2857 182 2908 omnibus
195 2855 228 2905 de
240 2853 291 2905 diis
305 2854 396 2920 opinio
412 2855 494 2904 insita
509 2858 566 2903 cst:
588 2866 637 2901 nec
652 2852 708 2901 ulla
722 2865 789 2917 gons
805 2863 849 2898 us-

56 2938 135 2989 quam
148 2931 191 2975 est
204 2922 273 2974 adeo
284 2932 363 2974 extra
374 2924 449 2989 leges
460 2935 605 2987 moresque
615 2920 783 2985 proiecta,ut
793 2932 848 2967 non

7 2991 11 3022 '¹
55 2992 165 3060 uliquos¹
180 2993 247 3044 deos
265 2992 368 3044 credat.
405 2993 493 3053 Quum
510 2989 544 3039 da
559 2990 710 3040 animarum
728 2987 848 3040 aeterni·

55 3068 113 3114 tate
124 3062 296 3122 disserimus,
309 3063 433 3113 non‘leve
445 3066 611 3110 momentum
624 3059 694 3125 apud
706 3074 754 3109 nos
764 3056 849 3108 habet

54 3146 206 3185 consensus
216 3131 366 3197 hominum,
386 3134 434 3184 aut
444 3129 598 3181 timentium
612 3129 724 3186 inferos.
745 3134 793 3179 aut
805 3141 847 3177 co·
