1942 3360
75 534 174 613 ,rs
424 536 642 589 sunbona

127 656 242 706 inventis
262 654 390 716 iudicem,
410 662 439 708 et
459 658 575 724 cogitem
599 656 632 707 de
647 654 828 708 inveniendis.
863 654 914 707 titt

126 724 210 776 lectio
222 726 373 792 ingenium:
385 734 413 777 et
424 726 515 776 studio
527 727 682 791 fatigatum,
693 741 749 777 non
759 726 820 775 sine
826 725 912 776 studio

126 804 226 856 tamen,
238 797 334 847 reiicit.
369 797 393 846 2
414 795 469 847 Neo
480 796 600 846 scribere
612 802 729 853 tantum.
750 809 801 845 neu
811 801 912 845 tastum

124 864 217 929 legere
228 864 370 915 debemus:
386 865 472 916 altera
488 880 531 915 res
543 863 727 925 contristabit,
748 870 778 914 et
792 865 865 915 vires
874 879 913 914 ex·

125 931 245 984 hauriet:
263 934 296 984 de
307 933 373 985 stilo
384 933 458 985 dico:
479 933 567 986 alters
577 932 665 984 solvet
676 948 710 985 ac
721 932 817 983 diluet.
851 933 914 982 inri-

124 1016 182 1054 cem
194 1000 246 1054 boc
255 1002 304 1055 illo
312 1002 516 1055 commeandum
526 1010 576 1064 est,
586 1009 614 1054 et
625 1002 742 1054 aiterum
752 1001 842 1053 altaro
851 1009 914 1051 tem-

125 1073 288 1137 perandum:
299 1081 339 1133 ut,
349 1072 482 1139 quidquid
493 1072 611 1123 lectione
619 1071 768 1122 eoiiectum
774 1081 825 1132 est,
837 1072 915 1121 stitus

125 1141 234 1207 redigat
244 1144 271 1190 in
283 1156 392 1208 corpus.
427 1143 507 1208 Apes,
522 1148 552 1192 ut
561 1142 648 1202 aiunt,
660 1141 794 1192 debemus
805 1140 914 1197 imitari,

125 1225 194 1276 quae
205 1217 352 1276 vagantur,
371 1216 400 1261 et
410 1210 493 1262 flores
508 1210 541 1261 ad
558 1210 612 1261 mei
628 1210 787 1263 iaciendum
803 1209 914 1260 idoneos

125 1288 251 1344 carpunt:
262 1278 360 1330 deindo
371 1278 503 1345 quidquid
514 1279 641 1342 attulere,
656 1279 817 1347 disponunt,
828 1294 861 1331 so
870 1292 915 1346 per

125 1348 201 1399 farus
211 1347 352 1413 digerunt:
368 1355 405 1411 et,
414 1357 446 1400 ut
457 1349 586 1416 Virgilius
598 1356 694 1401 noster
703 1348 755 1414 ait,

446 1446 478 1457 -
489 1418 617 1487 liquentia
628 1421 707 1471 meida

184 1484 304 1553 Stipant,
315 1495 342 1538 et
353 1488 426 1539 dalei
435 1487 589 1541 distendunt
599 1497 707 1540 nectare
717 1489 809 1539 cetrae.

125 1553 149 1606 3.
170 1553 213 1608 De
223 1556 279 1607 illis
291 1572 343 1608 non
356 1557 424 1608 satis
435 1564 551 1619 constat,
572 1565 664 1608 utrum
677 1572 789 1608 succum
801 1571 834 1608 es
847 1553 916 1607 fluri-

124 1626 174 1676 bus
190 1626 299 1688 ducant,
316 1628 363 1694 qui
379 1628 505 1693 protinus
522 1626 573 1676 mel
590 1627 640 1677 sit:
661 1642 695 1678 an
711 1641 781 1693 quau
803 1626 915 1692 college·

123 1701 194 1754 runt,
205 1697 233 1745 in
244 1694 315 1746 inune
324 1710 450 1762 saporem
462 1697 582 1746 mixtura
591 1696 718 1763 quadam,
730 1705 758 1746 et
767 1698 916 1763 proprieta·
968 1711 969 1716 ¹

124 1771 152 1812 te
163 1764 339 1829 spirituum,
352 1772 465 1817 mutent.
488 1765 656 1826 Quibusdam
669 1766 741 1818 enim
754 1766 856 1833 piacet,
866 1778 915 1814 nun

124 1832 241 1882 faciendi
260 1832 350 1885 meilis
365 1834 507 1884 scientiam
526 1850 585 1886 esso
601 1833 672 1896 iliis,
695 1835 742 1886 sed
759 1833 915 1902 colligendi.

125 1900 221 1962 Aiunt,
241 1901 357 1952 inveniri
375 1902 446 1970 apud
461 1901 543 1953 indos
553 1904 605 1954 mei
615 1904 644 1954 in
657 1903 823 1955 arundinum
835 1903 915 1964 ioiiis,

123 1969 195 2034 quod
205 1979 253 2021 aut
264 1986 309 2023 ros
318 1971 392 2024 iiiius
403 1972 489 2034 coeii,
508 1980 557 2024 aaut
571 1973 656 2038 ipsios
667 1974 810 2024 arundinis
822 1973 915 2024 bumor

122 2039 211 2090 dulcis
228 2048 256 2093 et
271 2042 398 2110 pinguior
412 2043 522 2111 gignat:
542 2042 568 2093 4.
578 2042 606 2092 in
622 2043 726 2093 nostris
738 2058 848 2110 quoque
858 2040 915 2093 ber·

122 2110 163 2160 bis
174 2111 226 2160 rim
238 2112 361 2174 eandem,
381 2112 429 2164 sed
442 2112 529 2163 minus
541 2112 714 2163 manifestam
726 2119 755 2163 ot
765 2111 911 2164 notabilem

122 2179 194 2244 poni,
207 2194 286 2246 quem
299 2190 480 2249 persequatur
491 2189 520 2232 et
531 2180 675 2233 contrabat
686 2182 789 2234 urrinnai
801 2181 866 2232 huie
875 2180 912 2230 rei

121 2251 252 2314 genitum.
289 2251 404 2311 Quidam
416 2251 583 2313 existimant,
600 2251 745 2303 conditura
756 2259 787 2303 et
799 2250 910 2317 disposi·

121 2318 199 2367 tione
211 2320 237 2366 in
255 2318 323 2370 bano
338 2322 498 2387 qualitatem
515 2321 600 2382 verti,
621 2336 695 2389 quae
707 2335 742 2374 ex
759 2319 911 2374 tenerrimis
967 2359 969 2376 ⁴

120 2386 266 2437 virentium
279 2388 486 2456 florentiumque
496 2390 695 2457 decerpserint:
717 2394 911 2456 nonsinequo·
966 2431 967 2435 ,

121 2454 201 2515 dam,
222 2456 252 2504 'ut
261 2458 302 2509 its
313 2457 412 2521 dicam,
432 2458 581 2512 termento:
604 2475 658 2527 quo
670 2461 795 2512 inunum
808 2461 913 2513 diversa

121 2522 288 2576 coalescunt.
323 2524 348 2577 5.
360 2525 415 2578 Sed
425 2544 458 2579 no
470 2531 503 2579 nd
515 2529 601 2590 uliud,
612 2546 692 2596 quarn
703 2529 738 2582 de
750 2545 807 2596 quo
818 2532 914 2596 agitur,

121 2593 250 2656 abducar,
269 2611 319 2648 nos
329 2610 436 2663 quoque
449 2613 515 2664 apes
526 2597 656 2651 debemus
666 2601 784 2664 imitari,
795 2608 825 2653 et
833 2613 913 2668 quse·
968 2624 969 2655 ι

122 2679 228 2730 cunque
250 2681 283 2717 er
300 2665 411 2718 diversa
427 2667 545 2719 lectione
560 2672 757 2736 congessimus,
778 2682 914 2737 separare·

121 2734 224 2785 Melius
239 2736 310 2786 enim
326 2736 457 2788 distinctu
477 2745 629 2789 serrantur.
664 2737 772 2791 Deinde
794 2739 916 2790 adbibita

119 2801 223 2869 ingenii
235 2806 324 2856 nostri
334 2821 400 2857 eum
410 2805 589 2870 attaminata,
599 2807 627 2858 in
638 2823 721 2859 unum
732 2823 863 2876 saporem
874 2822 916 2857 va·

122 2872 163 2922 ria
173 2873 222 2925 iiia
233 2874 382 2928 libamenta
393 2876 572 2928 confundere:
594 2886 623 2928 ut
635 2879 745 2930 etinmsi
757 2877 916 2946 apparuerit

120 2941 191 2994 unde
202 2953 319 2995 sumtum
332 2949 377 3009 sit,
390 2947 462 2998 aliud
474 2953 566 2997 tamon
577 2962 645 3008 esse,
666 2963 749 3015 quam
761 2948 834 3000 undo
846 2962 919 3000 sum·

120 3017 176 3060 tum
188 3023 238 3074 est,
249 3023 387 3081 appareat.
426 3017 505 3078 Quod
519 3019 545 3066 in
558 3031 674 3084 corpure
685 3025 784 3071 nostro
794 3019 918 3070 ridemus

109 3079 170 3134 sine
188 3083 247 3139 uiia
260 3101 350 3157 opero
362 3093 460 3141 nostru
473 3086 710 3140 banerenatnrnm.
740 3088 766 3140 d.
778 3088 917 3140 Alimentn
