1912 3534
266 615 559 670 urrsrobuu.
594 618 636 669 22.
818 617 853 673 55

2 777 4 804 3
43 746 128 789 unm
145 741 271 798 exitum,
294 736 320 787 si
332 750 381 787 nec
391 750 568 802 properemus
580 743 645 790 onte
657 743 780 804 tempus,
802 751 852 788 nec

4 857 6 860 ,
43 821 182 859 mssenum
194 811 223 857 tn
236 813 375 872 tempore.
402 805 472 856 Puto
485 815 593 857 nuncet
604 806 725 858 Stoicam
737 814 850 857 senten·

9 912 10 916 ,
46 879 109 926 tiam
121 878 247 943 quoeris.
286 875 347 926 Non
360 874 486 941 estquod
499 876 643 943 quisquam
655 875 720 926 iilos
732 876 804 942 apud
822 884 850 927 te

45 949 212 996 temeritstis
228 942 361 994 infamem
383 945 523 995 cautiores
538 960 618 1010 quom
635 944 768 995 tortiores
779 952 853 997 sunt.

5 1040 14 1052 ι
47 1016 70 1063 d.
90 1015 247 1080 Exspectas
263 1010 399 1073 forsitan,
421 1022 450 1063 ut
467 1012 517 1064 tibi
530 1012 598 1065 haec
609 1014 750 1063 dicantur:
772 1022 853 1079 turpe

47 1091 88 1133 cst
98 1083 202 1134 cedere
212 1083 308 1133 oneri:
326 1081 431 1133 iuctsre
442 1097 502 1134 cum
515 1082 621 1143 officio,
632 1082 704 1150 quod
716 1082 801 1132 semei
813 1097 855 1134 re·

48 1152 160 1217 cepisti:
184 1166 239 1202 non
252 1160 296 1201 est
306 1152 348 1200 vir·
358 1149 442 1201 fortis
455 1160 483 1202 ct
499 1158 643 1213 strenuus,
667 1151 713 1220 qui
731 1151 854 1201 ioborem

50 1218 133 1288 fugin
145 1222 247 1271 crescit
260 1220 303 1270 iiii
315 1220 422 1272 animus
434 1222 496 1286 ipse
507 1235 597 1271 rerum
610 1220 792 1272 difficuitntei
808 1219 854 1271 Di·

50 1300 146 1340 ecetur
162 1289 215 1341 tibi
232 1293 301 1351 ista,
322 1289 345 1339 si
357 1304 459 1357 ope-ree
471 1291 589 1356 pretium
601 1288 717 1342 hnbcbit
728 1304 855 1356 pcrscrc·

0 1383 6 1391 v·
50 1365 145 1420 tentis,
156 1362 180 1410 ni
194 1356 262 1409 nihil
274 1357 417 1426 indignum
430 1360 502 1410 hono
515 1363 574 1410 viro
588 1359 855 1426 faciendunrpoticn·

51 1427 145 1480 dumne
156 1429 226 1478 erit:
248 1429 371 1493 niioquin
383 1427 498 1479 sordido
510 1445 540 1480 se
552 1435 580 1480 et
591 1429 795 1480 contumelioso
812 1429 852 1478 ia·

52 1497 114 1549 bore
125 1514 181 1548 non
193 1506 334 1557 conteret,
345 1512 396 1548 nec.
406 1498 432 1547 in
445 1499 566 1566 negotiis
578 1500 632 1549 erit
643 1499 749 1565 negotii
760 1511 854 1548 consu.

52 1565 90 1617 Ne
100 1566 172 1617 iilud
185 1566 310 1634 quidem,
323 1567 395 1633 quod
407 1567 554 1619 existimas
564 1583 625 1618 eurn
638 1565 793 1627 facturum,
809 1564 854 1616 fu-

51 1636 114 1696 ciet,
136 1645 168 1687 ut
184 1635 344 1687 ambitiosis
360 1636 442 1687 rebus
454 1637 618 1703 implicitus,
639 1651 734 1687 earum
746 1647 854 1700 scmpcr

10 1729 16 1736 „
52 1714 142 1756 cestus
162 1705 243 1757 seror.
279 1706 303 1755 7.
323 1704 377 1757 Sed
395 1720 477 1772 quum
489 1705 591 1757 viderit
600 1707 704 1766 brevio,
715 1706 741 1755 in
755 1703 854 1770 quibus

53 1775 201 1835 volutetur,
212 1775 328 1837 incerte,
339 1775 488 1841 encipitic=
500 1782 610 1857 repetet
622 1774 785 1841 pedem,nec
797 1788 854 1824 rer·

54 1852 89 1894 tet
102 1854 199 1911 tergm
220 1843 269 1893 sed
286 1844 389 1895 sensim
407 1844 519 1897 recedet
529 1860 557 1895 ιη
570 1851 669 1895 tutum.
706 1844 800 1897 Pacilo
812 1851 855 1896 cst

55 1924 150 1978 tutem,
171 1914 211 1963 mi
226 1903 326 1974 deiii,
347 1915 546 1980 occupationes
558 1915 686 1977 erodere,
703 1915 728 1966 si
740 1929 854 1980 occupo·

54 1986 154 2035 tionum
168 1983 262 2050 pretio
274 1985 462 2035 contemseris.
499 1983 550 2034 iiio
560 1992 632 2046 sunt,
653 1999 724 2051 quoe
736 2000 785 2035 nos
798 1999 855 2032 mo-

55 2063 144 2104 rentur
154 2061 184 2104 et
196 2051 331 2104 detinent.
369 2052 440 2114 Quid
453 2053 537 2121 ergoi
557 2060 614 2104 tan
627 2054 725 2120 longos
738 2068 803 2119 spes
814 2067 854 2102 rc·

55 2121 191 2190 linquam!
206 2121 242 2173 ab
254 2121 314 2188 ipsa
324 2118 413 2173 messe
424 2121 583 2174 discedenti
595 2122 695 2173 nudum
708 2119 857 2173 eritlntusi

57 2192 218 2244 incomitata
230 2189 350 2242 lectioni
361 2192 461 2242 utrium
474 2191 609 2243 racuumi
645 2193 670 2242 8.
680 2193 721 2242 Ab
734 2191 777 2242 nie
790 2205 856 2257 ergo

55 2262 127 2314 inriti
148 2261 278 2312 homines
294 2261 440 2322 recedunt,
461 2269 489 2313 et
505 2259 658 2312 mercedem
682 2261 855 2311 miseriorum

54 2332 237 2399 turannipsas
250 2336 438 2382 exsecrantur.
458 2330 487 2381 st
500 2330 534 2380 de
546 2329 707 2391 ambitione,
718 2328 856 2398 quomodo

54 2399 82 2453 dc
92 2404 185 2452 smicn
197 2406 365 2466 queruntur:
378 2398 405 2450 id
417 2405 469 2460 est,
475 2401 499 2451 si
510 2414 604 2450 rerum
617 2399 746 2451 affectum
758 2415 855 2452 corum

54 2470 197 2538 inspicias,
217 2484 272 2519 non
285 2468 416 2531 oderunt,
436 2468 484 2520 sed
497 2469 620 2535 litigant.
657 2471 764 2522 Excute
776 2471 856 2530 istos,

53 2543 93 2607 qui
105 2555 180 2607 quse
191 2539 314 2603 cupiere,
337 2537 496 2604 demerent,
517 2538 590 2591 etde
602 2555 697 2591 corum
710 2556 802 2591 rerum
816 2540 856 2590 io·

53 2618 173 2675 quantur·
192 2607 274 2674 iugc,
295 2607 395 2674 quibus
414 2622 509 2660 cerere
525 2625 577 2660 non
595 2618 725 2674 possunt:
749 2609 856 2659 ridebis

53 2678 234 2731 voluntarium
248 2691 310 2728 esse
322 2676 379 2727 tuis
390 2679 418 2728 in
429 2692 463 2728 co
474 2693 589 2738 morunt,
600 2677 673 2745 quod
686 2692 769 2743 segre
781 2675 856 2727 ferre

53 2747 125 2815 ipsos
141 2757 171 2800 ct
190 2745 303 2806 misere,
325 2745 484 2813 loquuntur.
520 2747 546 2799 9.
566 2749 609 2797 ito
625 2753 681 2806 est,
702 2747 738 2796 nri
756 2745 856 2806 Lucili,

0 2826 5 2874 i
52 2829 152 2883 ματος
170 2817 303 2876 servitus,
325 2814 418 2881 piures
437 2818 599 2868 servitutem
621 2820 725 2866 tenent.
761 2813 814 2864 Sed
831 2813 855 2864 si

16 2929 17 2932 ,
53 2884 189 2954 deponere
206 2884 285 2935 iiiam
304 2884 439 2935 inanimo
456 2892 513 2946 cst,
536 2894 564 2937 et
582 2885 696 2935 iiber-tan
714 2884 787 2935 bono
803 2882 858 2934 tide

5 2954 19 2998 »ἰ
52 2955 168 3023 piscoit:
190 2955 218 3006 in
230 2952 284 3004 hoc
295 2961 386 3006 sutem
400 2969 484 3004 unum
497 2952 708 3005 adrocotionrm
722 2953 805 3019 petis,
826 2960 857 3004 ut

1 3016 20 3075 ii
51 3025 109 3078 sine
124 3033 264 3094 perpetus
280 3023 459 3074 solicitudine
476 3023 502 3073 id
520 3023 571 3073 tibi
591 3023 685 3075 fucere
700 3022 859 3094 contingat:

37 3095 140 3211 gom·
152 3091 876 3167 terniscohomstoicommprobnturnsitiOmnes

0 3171 12 3223 2
91 3175 162 3208 θ’θ’
170 3168 202 3207 0²
210 3155 365 3226 chrysippi
377 3165 542 3237 moder-oto,
567 3173 755 3243 ethonestn,
773 3182 895 3230 etrus
