1964 3434
130 555 177 608 ito
408 553 630 608 SENECAE

126 682 184 728 tum
206 673 399 727 solicitudines
421 681 570 743 occupent,
588 679 718 742 quantum
735 660 835 738 ιιοιι,
857 680 917 726 ante

127 759 207 812 quiam
222 746 324 807 veniat,
345 753 455 812 optata:
476 752 607 812 quantum
622 742 765 803 valetudo,
788 750 917 809 quantum

126 817 223 877 timor,
241 821 371 881 qnantum
388 815 478 867 teneri
493 822 542 866 aut
557 814 639 866 rudes
650 820 700 865 aut
710 811 830 865 inutiles
841 810 919 863 annii

126 884 279 936 Dimidium
291 899 325 936 ex
336 883 388 935 hoc
399 883 558 936 edormitur.
582 883 677 936 Adiice
689 881 812 944 labores,
820 881 920 943 luctus,

126 953 262 1022 pericula:
283 961 312 1005 et
321 954 473 1022 intelliges,
489 954 572 1006 etiam
583 953 611 1004 ln
624 951 788 1020 longissima
797 951 856 1001 vite
868 951 919 1000 mi·

127 1026 229 1074 nimum
245 1037 306 1075 esse
323 1023 396 1093 quod
413 1024 522 1077 vivitur.
558 1021 610 1075 Sed
628 1026 689 1090 quis
706 1021 760 1071 tibi
777 1020 920 1080 concedat,

127 1107 180 1144 non
192 1093 290 1145 melius
300 1109 330 1144 se
340 1091 441 1144 hebere
452 1107 527 1155 eum,
542 1093 585 1143 cui
597 1092 653 1144 cito
665 1092 767 1143 reverti
778 1090 859 1150 licet,
875 1092 920 1140 cul

128 1172 193 1214 ente
204 1162 394 1214 lassitudinem
406 1168 547 1228 peractum
563 1168 606 1214 est
621 1161 693 1213 iter!
730 1161 772 1212 12
791 1158 857 1211 Vita
870 1171 920 1209 nee

130 1233 228 1281 honum
246 1247 295 1282 nec
311 1231 413 1280 malum
429 1237 485 1282 est:
504 1231 569 1283 boni
585 1231 693 1282 acmali
704 1230 846 1282 locusest.
880 1228 921 1279 lte

130 1299 200 1351 nihil
212 1299 334 1365 perdidit
345 1299 407 1360 ille,
423 1299 475 1351 nisi
486 1298 575 1370 aleam
587 1301 615 1351 in
627 1300 755 1353 damnum
768 1299 922 1351 certiorem.

131 1369 222 1421 l’ntult
233 1367 349 1419 evadere
360 1368 499 1419 modestus
509 1384 541 1420 aa
554 1367 679 1435 prudens,
691 1370 784 1436 potuit
794 1368 847 1420 sub
858 1381 921 1419 curn

130 1439 215 1490 tuein
231 1437 347 1489 meliors
365 1437 495 1490 formari:
515 1438 564 1489 aed
581 1438 665 1505 (quod
680 1439 782 1490 iustius
798 1439 921 1499 timetur)

130 1507 222 1574 potnit
237 1507 297 1558 lieri
313 1508 438 1573 pluribus
452 1507 558 1558 similis.
592 1508 711 1575 Adspice
727 1507 793 1559 illos
806 1510 921 1568 invenes,

130 1592 200 1644 quos
210 1590 243 1627 ex
253 1577 435 1629 nobilissimis
446 1577 572 1629 domibus
584 1575 611 1627 in
621 1591 732 1629 arenam
743 1577 857 1629 luxuria
865 1591 921 1638 pro·

129 1648 207 1699 iecit:
229 1645 343 1714 adspice
353 1647 429 1708 illos,
452 1648 496 1714 qul
509 1660 585 1698 suam
598 1647 773 1714 succumque
785 1645 918 1697 libidinem

130 1721 268 1776 exercent,
277 1723 370 1768 mutuo
381 1715 526 1781 impudici3
538 1730 653 1782 quorum
665 1717 756 1767 nullus
766 1715 827 1767 elne
837 1715 919 1767 ebrie·

129 1783 295 1844 tate‚nullus
305 1787 364 1836 sine
374 1785 467 1851 aliquo
478 1785 581 1853 insigni
590 1783 696 1855 tlagitio
709 1786 770 1838 dies
780 1786 853 1838 exit:
864 1785 920 1852 plus

130 1854 224 1906 timeri
235 1868 316 1922 qnam
327 1855 433 1920 sperari
445 1854 577 1920 potuisse,
596 1855 771 1908 menifestum
784 1855 847 1907 erit.
884 1851 922 1904 13.

130 1923 191 1975 Nun
203 1921 285 1974 debes
296 1923 390 1990 itaque
399 1937 511 1974 caussas
523 1923 628 1975 doloris
637 1923 920 1987 arcessere,neelesis

130 1991 484 2062 incommodeindignando
495 1994 644 2047 cumulare.
680 1994 743 2046 Non
760 1991 873 2056 hortor,
892 1999 922 2042 nt

132 2063 229 2114 niteris
241 2068 270 2114 et
281 2077 392 2132 urgeas:
413 2078 467 2114 non
478 2069 533 2116 tem
546 2064 618 2116 mals
629 2063 663 2116 de
675 2071 703 2116 te
712 2062 821 2126 iudico,
832 2069 864 2114 ut
872 2062 922 2113 tibi

132 2132 264 2184 adversus
281 2131 349 2185 haec
364 2139 452 2185 totam
467 2139 558 2201 putem
577 2134 706 2185 virtutem
725 2131 922 2186 advocandam.

133 2201 193 2254 Non
206 2211 250 2255 est
260 2201 341 2254 dolor
350 2202 468 2265 iste‚ssd
480 2217 600 2253 morsus:
612 2209 640 2254 tu
652 2203 732 2254 illum
744 2202 871 2255 dolorem
883 2200 920 2253 la·

132 2272 179 2322 cis.
204 2272 268 2324 Sine
278 2272 363 2324 dubio
375 2273 490 2324 multum
502 2270 673 2340 philosophie
685 2271 816 2341 proiecit,
827 2273 852 2325 si
863 2284 923 2339 pne·

133 2353 201 2401 rum,
214 2343 314 2394 nutrici
324 2340 414 2394 adhuc
423 2357 504 2409 quam
517 2343 587 2409 petri
599 2342 847 2406 notiorem,animo
858 2340 922 2394 torti

132 2409 282 2462 desideras.
320 2411 359 2462 14.
372 2412 461 2474 Quidi
471 2426 542 2463 nune
552 2425 618 2481 ergo
630 2411 762 2464 duritiam
772 2411 886 2475 suadeo,
897 2418 924 2464 et

131 2479 159 2530 in
174 2476 270 2531 {unsre
285 2479 348 2547 ipso
366 2482 473 2548 erigere
487 2480 593 2533 vultum
610 2481 689 2546 solo,
711 2487 741 2533 et
754 2482 877 2533 animum
892 2495 924 2532 ns

36 2552 38 2554 ’
132 2548 259 2602 contrahi
269 2548 380 2617 quidem
392 2549 500 2615 patiorl
519 2550 643 2603 Minime.
679 2551 924 2604 inhumanitaseet

132 2622 201 2681 ieta,
212 2634 265 2670 non
276 2619 375 2681 virtus,
386 2619 482 2671 lunera
492 2633 602 2671 anorum
613 2619 712 2674 iisdem
726 2620 818 2671 oculis
827 2621 924 2690 quibus

132 2692 205 2757 ipsos
215 2688 319 2753 videre,
340 2704 389 2741 nec
399 2689 564 2741 commoveri
575 2689 608 2740 ad
618 2690 732 2758 primam
744 2689 923 2743 familiarium

133 2758 304 2810 divisionem.
339 2759 408 2811 Puta
420 2766 510 2811 antem
526 2771 570 2812 me
585 2766 694 2811 vetare:
719 2759 857 2826 quaedam
872 2772 922 2811 non

131 2835 194 2878 aunt
214 2829 257 2880 sui
278 2829 354 2880 iuris.
392 2827 628 2882 Excidunt,etiam
643 2829 831 2881 retinentibus
846 2829 924 2882 lacri-

132 2912 205 2958 mae,
227 2903 256 2950 et
271 2899 389 2950 animum
407 2897 535 2966 proluens
552 2898 652 2951 levant.
688 2897 763 2960 Quid
781 2912 851 2966 ergo
869 2895 925 2951 estl

132 2967 321 3031 permittamus
333 2969 390 3021 illis
407 2968 520 3029 cadere,
541 2981 596 3019 non
612 2969 789 3034 imperemus.
825 2968 926 3021 Fluant

129 3041 264 3105 quantum
277 3035 394 3090 allectus
405 3039 528 3100 eiecerit,
547 3053 601 3088 non
612 3044 745 3104 quantum
757 3045 855 3105 poscet
864 3037 923 3089 imi·

118 3108 206 3165 tatio.
246 3107 290 3166 15.
308 3108 387 3167 Nilnl
397 3124 466 3163 nero
475 3107 599 3160 nsnerur'x
605 3106 835 3166 odins-Immunem
845 3107 922 3160 illum
