1838 3456
213 545 498 599 EPISTOME.
535 547 577 600 79.
745 544 797 597 220

34 686 51 729 ι,
58 666 135 734 quod
143 665 272 717 sineuiio
285 670 455 718 nascentium
469 665 569 718 damno
582 667 654 734 ignis
666 665 796 715 innoxius

35 737 91 788 nsit.
130 736 158 786 4.
179 735 272 786 Laeta
282 735 376 803 ineque
386 736 465 805 regio
482 742 540 797 est,
562 743 590 786 et
605 732 733 797 herbida,
756 735 795 784 nii

35 808 102 857 nmis
120 805 319 867 adurentibus,
339 806 386 855 sed
404 813 510 855 tantum
523 803 552 854 vi
563 804 680 854 remisse
691 818 724 854 ee
734 802 793 853 iun·

36 876 71 926 de
82 873 299 941 refulgentibus.
318 873 372 926 Sed
384 889 558 925 reservemus
570 873 795 937 isiu,tunequae·

35 946 84 1007 iri,
97 958 182 1011 quum
195 951 225 993 tu
238 941 304 993 mihi
314 945 469 1009 scripseris,
481 950 612 1009 quantum
628 941 735 1006 abipso
747 954 796 991 ore

35 1017 90 1066 ntis
107 1013 186 1064 nives
203 1011 309 1073 absint,
331 1028 400 1080 quas
417 1028 452 1064 ne
467 1019 561 1063 uestes
576 1010 687 1078 quidem
699 1009 795 1060 solvit:

35 1099 57 1135 m
68 1090 150 1134 tutae
162 1090 227 1131 sunt
239 1081 272 1132 ab
286 1082 352 1150 igne
365 1082 464 1133 ricino.
484 1081 546 1132 Non
558 1088 602 1132 est
612 1077 797 1145 eutem,quod

35 1168 71 1203 ιιιι
85 1166 182 1203 eurem
195 1151 316 1216 imputes
327 1149 408 1202 mihi:
423 1151 520 1202 morbo
532 1151 605 1202 eninr
618 1158 667 1200 tuo
680 1147 797 1199 duturus

35 1236 65 1282 u,
76 1219 190 1272 etismsi
202 1235 282 1271 nemo
294 1220 438 1272 mundaret
448 1220 514 1283 tibi,
525 1221 613 1272 donec
621 1221 738 1272 Aetnam
751 1217 797 1267 de·

35 1291 96 1341 ibas
107 1291 134 1340 in
151 1299 201 1341 tuo
218 1291 355 1352 carmine,
376 1297 405 1343 et
419 1288 492 1341 hune
506 1291 650 1342 solennem
669 1287 797 1339 omnibus

35 1360 79 1411 itis
91 1360 185 1410 iocum
198 1358 331 1426 attingas.
367 1358 392 1410 5.
409 1361 496 1421 Quem
509 1374 563 1426 quo
575 1359 665 1409 minus
677 1356 795 1410 Ovidius

35 1434 135 1487 uetaret.
155 1425 222 1478 nihil
233 1428 353 1490 obstitit,
369 1429 507 1495 quodiam
520 1426 656 1494 Virgilius
666 1427 797 1492 impleve-

35 1509 50 1549 i:
71 1513 104 1549 ue
115 1496 248 1549 Severum
266 1496 376 1566 quidem
390 1496 550 1548 Cornelium
567 1501 686 1562 uterque
702 1495 793 1544 deter-

34 1567 58 1617 in
86 1566 220 1618 Omnibus
232 1575 377 1633 praeterea
388 1564 510 1618 feliciter
520 1564 563 1616 hic
573 1565 652 1616 loeus
663 1579 694 1614 se
704 1563 795 1615 dedite

34 1637 78 1703 qui
88 1643 306 1703 praecesserant,
319 1651 372 1686 non
383 1637 573 1702 praeripuisse
584 1633 651 1685 mihi
666 1633 797 1684 videntur

34 1721 62 1756 re
72 1705 126 1757 dici
137 1711 281 1772 poterent,
301 1704 351 1757 sed
367 1705 520 1771 aperuisse.
558 1704 613 1757 Sed
624 1703 742 1756 muitum
755 1704 795 1753 in-

34 1782 92 1837 est,
110 1780 203 1826 utrum
220 1774 255 1825 ud
272 1783 443 1826 consumtum
456 1774 617 1838 materiam,
638 1790 672 1827 un
685 1775 720 1826 nd
732 1774 795 1824 sub-

34 1851 85 1894 tem
96 1844 226 1896 accedant
248 1845 348 1896 erescit
358 1846 387 1896 in
399 1844 468 1908 dies,
478 1852 508 1898 et
519 1846 673 1898 inventuris
684 1844 796 1897 invenie

35 1914 180 1965 substent.
215 1916 240 1967 ii.
260 1913 418 1977 Praeterea,
440 1915 565 1967 conditio
577 1916 685 1982 optime
696 1921 739 1966 est
750 1914 791 1964 ui-

34 1983 64 2033 ni
100 1983 202 2036 Parata
222 1984 308 2035 serbe
329 1985 445 2046 invenit,
468 1999 540 2052 quiue
556 1984 642 2036 uiiter
656 1985 795 2035 instructu

34 2067 91 2102 mm
108 2052 208 2104 faciem
229 2049 343 2105 hebent:
366 2069 417 2106 nee
433 2053 492 2104 iliis
507 2067 603 2104 munus
616 2052 716 2113 iniicit,
738 2059 797 2103 tun·

34 2136 75 2172 um
91 2122 205 2174 slieuisz
224 2130 289 2175 sunt
305 2124 377 2174 eninr
390 2122 510 2190 publicu.
546 2121 741 2174 iurisconsulti
752 2136 797 2173 ne·

34 2199 71 2252 nt,
91 2190 240 2260 quidquam
253 2192 394 2259 pubiicum
407 2195 531 2260 usucapi.
568 2193 623 2242 Aut
635 2206 687 2258 ego
699 2197 727 2243 te
741 2206 795 2241 non

34 2262 73 2322 ui,
102 2269 151 2314 aut
172 2264 261 2314 Aetne
285 2262 337 2313 tibi
360 2261 477 2314 salinum
502 2269 602 2313 movet.
639 2261 696 2312 ium
719 2261 798 2326 cupis
846 2312 852 2323 ,

34 2329 99 2382 ande
111 2330 226 2398 aliquid,
237 2340 265 2382 et
276 2345 327 2399 pur
337 2333 478 2398 prioribus
491 2332 622 2384 seribere.
644 2330 711 2382 Plus
724 2335 796 2381 enim

34 2415 108 2453 erare
119 2401 259 2452 modestia
270 2401 322 2452 tibi
333 2407 382 2454 tua
393 2418 446 2453 non
461 2404 612 2470 permitiit:
634 2416 704 2469 quae
716 2408 797 2453 tantu

36 2480 61 2522 te
72 2478 130 2531 est,
149 2477 180 2520 ut
189 2469 312 2522 ridearis
324 2472 392 2523 mihi
405 2478 578 2525 retracturus
590 2471 697 2538 ingenii
708 2472 748 2522 tui
759 2471 798 2520 vi·

34 2556 51 2604 ι,
72 2543 96 2591 si
114 2539 243 2590 vincendi
258 2541 411 2608 perieulum
424 2543 469 2594 sit.
505 2545 600 2594 Tanta
610 2542 660 2592 tibi
674 2540 796 2606 priorum

34 2609 154 2662 ferensis
164 2615 215 2662 est.
226 2637 259 2648 -
276 2611 301 2660 7.
314 2609 389 2662 inter
402 2619 503 2672 cetera,
515 2610 568 2664 hoc
580 2610 665 2661 hebet
677 2610 743 2659 boni
754 2623 798 2658 sa·

34 2680 114 2730 entia:
126 2693 206 2730 nemo
217 2678 252 2731 eb
264 2678 352 2732 nitere
364 2686 458 2746 potest
469 2680 552 2743 vinci,
560 2680 613 2730 nisi
625 2678 688 2729 dum
701 2692 797 2729 uscsn·

34 2764 78 2800 ur.
118 2748 207 2811 Quum
224 2748 259 2799 ad
276 2764 412 2801 summum
431 2749 606 2815 perveneris,
626 2748 705 2814 paria
720 2753 798 2797 sunt:

34 2837 45 2869 n
57 2823 104 2871 est
116 2817 288 2870 incremento
300 2818 387 2880 iocus,
399 2824 500 2869 statur.
533 2815 675 2883 Numquid
686 2816 731 2867 soi
742 2830 798 2867 rue·

34 2886 132 2939 itudini
142 2901 210 2938 sure
220 2887 337 2940 adiicit!
352 2887 487 2959 numquid
496 2887 567 2941 iunu
576 2887 656 2940 uiiru
663 2899 807 2958 unumun-

34 2953 182 3018 97000111'8!
198 2954 296 3010 Mnr‘in
308 2976 365 3014 non
384 2970 534 3018 creseunt:
555 2960 684 3019 munius
700 2957 832 3014 eunuem

34 3023 98 3068 eum
113 3035 149 3100 ας
162 3026 281 3106 mpeium
298 3044 414 3093 servat.
455 3038 628 3097 Extoune
639 3054 691 3102 sus
711 3028 851 3106 imm*

34 3092 272 3213 erenfen
286 3105 721 3191 ιτριτττρττρωι
740 3098 883 3191 suun

202 3184 393 3256 sepientes,
415 3207 519 3264 pam
541 3198 646 3252 erunt
663 3194 699 3245 ei.
715 3171 877 3249 nequeunt
