1838 3456
217 537 504 592 EPlSTOLAE.
542 544 584 595 78.
751 536 802 591 22³

12 658 54 710 tibi
65 666 197 726 quantum
205 657 338 718 ambules,
351 666 482 724 quantum
491 660 656 721 exercearis,
670 666 805 710 monstra·

12 727 58 779 bit:
76 745 110 781 ne
128 726 274 793 indulgeas
290 728 360 789 otio,
383 728 417 780 ad
429 729 503 796 quod
515 732 606 798 vergit
618 735 690 781 iners
701 729 805 780 valetu-

13 796 55 848 do:
72 805 103 849 ut
116 799 195 865 legas
212 797 330 857 clarius,
350 805 379 849 et
395 799 539 865 spiritum,
562 800 639 851 cuius
656 801 709 849 iter
722 805 750 850 et
761 812 804 848 re·

17 867 177 933 centoculum
190 866 309 927 laborat,
330 881 473 920 exerceas:
502 867 528 919 5.
542 876 572 919 ut
584 868 705 934 naviges,
727 875 754 918 et
766 867 805 916 vi·

19 949 83 987 roera
101 935 182 986 molli
196 936 350 987 iactatione
367 937 520 988 concutias:
547 938 645 1005 quibus
662 937 731 986 cibis
747 942 806 985 utu·

20 1004 59 1053 ris:
77 1006 170 1056 vinum
182 1005 292 1071 quando
303 1005 400 1057 virium
413 1021 498 1058 causa
508 1005 634 1068 advoces,
646 1003 754 1072 quando
767 1004 806 1054 in·

22 1075 153 1135 termlttss,
176 1090 210 1125 ne
226 1075 318 1126 irritet
334 1082 364 1125 et
379 1083 527 1142 exasperet
539 1077 646 1128 tussim.
685 1075 745 1142 Ego
757 1074 806 1125 tibi

24 1140 76 1192 illud
87 1146 242 1210 praecipio,
264 1141 336 1210 quod
350 1157 405 1195 non
416 1153 523 1197 tantum
540 1144 622 1197 huius
640 1146 738 1206 morbi,
758 1141 806 1193 sed

25 1212 93 1263 totius
105 1213 181 1264 vitoe
193 1213 346 1264 remedium
359 1220 413 1264 est:
426 1223 571 1266 contemne
584 1221 711 1267 mortem.
732 1210 807 1265 Nibil

27 1282 90 1333 tn'rte
100 1289 151 1345 est,
163 1297 246 1350 quum
259 1280 339 1333 buius
349 1291 452 1334 metum
466 1285 622 1353 effugimus.
659 1285 728 1335 'l'rin
739 1281 809 1333 baec

28 1347 119 1401 bonni
131 1353 228 1403 morbo
239 1353 419 1419 gravissunt,
431 1360 522 1406 metus
534 1354 642 1416 mortis,
655 1352 736 1404 dolor
748 1367 808 1402 cor·

29 1421 94 1482 ocris,
103 1420 273 1473 intermissio
284 1421 469 1487 voluptatum.
485 1422 511 1473 b.
524 1422 564 1473 De
576 1429 676 1483 morte,
686 1421 755 1472 satis
766 1420 811 1471 di·

31 1495 85 1539 stum
97 1500 145 1541 est.
181 1490 244 1541 lloc
263 1505 347 1540 unum
364 1492 464 1551 dicam,
485 1506 539 1541 non
554 1491 641 1542 morbi
653 1488 727 1541 hunc
739 1504 809 1548 esse,

31 1557 65 1606 sed
82 1567 194 1611 naturae
215 1565 328 1611 metum.
379 1560 532 1611 Multorum
558 1567 675 1612 mortem
702 1557 813 1608 distulit

9 1628 10 1631 ’
31 1628 132 1680 norbus:
145 1635 173 1680 at
185 1629 270 1680 soluti
282 1628 338 1680 illis
351 1626 415 1690 luit,
431 1627 520 1681 videri
534 1629 634 1697 perire.
670 1628 811 1690 Morieris,

34 1709 72 1746 uon
82 1701 141 1764 quin
153 1705 293 1766 aegrotas,
310 1698 359 1750 sed
371 1699 437 1766 quia
450 1699 527 1750 rivis.
565 1699 622 1750 lsto
633 1703 660 1751 te
671 1712 717 1749 res
730 1704 759 1749 et
768 1711 813 1746 sn-

33 1772 107 1818 sstum
118 1775 220 1819 monet.
257 1767 347 1828 Quum
360 1768 544 1831 convalueris,
556 1784 610 1819 non
623 1774 749 1826 mortem,
764 1763 813 1816 sed

32 1833 198 1889 valetudinem
211 1836 337 1904 ell'ugies.
349 1865 381 1875 -
397 1837 437 1890 Ad
450 1838 518 1890 illud
530 1853 602 1889 nunc
614 1837 758 1904 proprium
772 1837 813 1886 ln·

32 1907 184 1958 commodum
206 1914 386 1960 revertamur.
432 1907 550 1976 Magnos
570 1908 710 1958 cruciatus
732 1903 815 1956 habet

31 1976 136 2028 morbos:
147 1973 254 2028 sedhos
262 1975 424 2029 tolerabiles
431 1974 699 2028 inter-vallelociunt.
713 1975 736 2024 7.
744 1974 813 2024 Nam

30 2049 107 2097 sunni
120 2046 228 2097 doloris
240 2045 360 2096 intentio
372 2046 479 2097 invenit
494 2046 584 2095 linem.
621 2043 710 2094 Nemo
722 2047 815 2106 potest

29 2112 91 2166 niue
110 2115 217 2175 dolere,
241 2123 270 2166 et
289 2113 345 2166 diu.
382 2113 428 2166 Sic
447 2129 498 2165 nos
515 2111 708 2164 amantissimo
725 2109 812 2158 nostri

29 2191 109 2235 ustura
129 2183 283 2250 disposuit,
314 2190 344 2234 ut
361 2182 487 2235 dolorem
504 2190 553 2232 aut
569 2179 745 2232 tolerabilem
767 2186 815 2227 out

28 2247 120 2306 brevem
138 2254 253 2305 iaceret.
291 2252 409 2305 Maximi
426 2251 538 2304 dolores
554 2250 710 2302 consistunt
720 2247 748 2300 in
760 2261 816 2300 mo·

27 2325 135 2376 oenimls
158 2322 286 2390 corporis
306 2323 445 2388 partibus:
469 2323 560 2383 nervi,
586 2320 768 2387 articulique,
789 2326 817 2370 et

24 2393 143 2463 quidquid
161 2391 239 2445 uliud
256 2391 329 2444 erile
340 2399 398 2455 est,
421 2392 555 2444 acerrime
571 2395 674 2454 sacvit,
694 2405 775 2457 quum
789 2390 815 2438 in

22 2470 88 2516 arcto
108 2463 180 2515 ritis
197 2462 334 2528 concepit.
371 2461 426 2514 Sed
442 2465 499 2514 cito
521 2460 572 2513 bae
584 2469 677 2529 portes
689 2460 816 2524 obstupe·

20 2542 98 2596 scunt,
110 2540 140 2585 et
151 2535 216 2600 ipso
228 2530 326 2583 dolore
338 2545 448 2583 sonsum
459 2530 714 2584 dolorisamittunt:
727 2528 817 2580 §.sive

18 2605 72 2670 onia
87 2604 207 2671 spiritus
225 2601 345 2652 naturali
363 2599 520 2667 prohibitos
537 2615 629 2664 cursu,
650 2604 678 2651 et
693 2602 818 2648 mutatus

16 2673 136 2742 lnpelos,
164 2673 221 2723 rim
233 2685 311 2721 susm
323 2685 378 2738 qus
388 2671 466 2739 viget
485 2670 669 2788 admonetsgue
680 2681 738 2728 nos,
758 2679 819 2730 per·

14 2744 63 2796 dit:
85 2738 506 2809 nivequiseorruptushumor,
525 2753 607 2807 quum
641 2733 819 2788 esiitbabere

12 2829 61 2882 ouo
72 2811 211 2873 confluat,
231 2811 330 2877 ipsese
341 2808 429 2871 elidit,
450 2815 478 2860 ct
490 2807 615 2875 hisquae
627 2806 708 2856 nimis
721 2801 817 2869 imple-

9 2888 54 2948 rit,
76 2884 191 2937 excutit
211 2894 331 2931 sensnm.
369 2877 416 2932 Sic
437 2875 567 2947 podagra
586 2882 616 2930 ot
635 2874 778 2944 cbirugru,
793 2877 826 2924 et

9 2954 90 3001 nmnr's
102 2948 294 3000 vertebrarum
302 2947 619 3023 dolornervorumque,
627 2943 848 3018 interquiescit,

9 3030 70 3064 unm
80 3017 134 3065 illa
146 3029 220 3079 quse
226 3018 386 3088 torquebat
396 3020 571 3082 hebetarit:
585 3021 865 3081 omniumtsmmm

9 3083 66 3129 ima
78 3082 257 3137 remil'mlilo
272 3102 376 3162 vexat,
389 3096 537 3173 impetn!
548 3118 646 3158 mom
659 3091 878 3164 affingxx'xml

9 3147 73 3196 onis
84 3147 208 3202 dolendi
219 3165 277 3223 est,
289 3163 521 3245 obtorpuisse.
553 3179 590 3238 b.
603 3174 783 3236 nentium,
793 3155 905 3218 naulo·
